3290 5308
1570 476 1924 537 ..m-2

589 657 647 720 X
845 672 1031 735 quem
1074 656 1186 735 uiS,
1239 655 1427 734 finget
1477 659 1585 716 tibi
1596 679 1611 732 3
1657 677 1802 717 nam
1852 659 2057 716 multis
2103 650 2124 735 Ἰ
2179 674 2247 717 se
2299 656 2614 734 promittit.
2661 656 2889 719 recede

929 762 1075 819 inde
1118 761 1336 819 morio.
1367 755 1396 836 ΙΙ

376 892 430 942 p.
469 873 575 925 210
595 863 678 927 XI
849 862 1013 921 hunc
1057 880 1287 945 annum
1332 861 1510 919 fructi
1551 862 1666 917 rari
1710 870 2045 919 nascuntur
2081 861 2092 938 Ι
2132 871 2194 918 et
2245 868 2484 937 tempus
2527 862 2893 920 laboriosum

927 963 1246 1039 significat.

594 1066 710 1125 XII
846 1065 908 1122 in
953 1082 1077 1141 quo
1124 1065 1318 1132 uadiS,
1359 1081 1490 1121 non
1532 1070 1784 1121 constas
1827 1062 1927 1123 ibi.

1687 1158 1813 1242 (V)

553 1270 630 1338 ³1
845 1269 969 1326 noli
1010 1267 1095 1325 illi
1137 1267 1391 1336 donare,
1436 1265 1539 1340 qui
1582 1283 1713 1323 non
1757 1273 1855 1323 est
1890 1257 1902 1344 Ι
1940 1267 2292 1341 obsequens
2337 1266 2465 1327 tibi.

599 1371 661 1431 11
857 1369 979 1427 noli
1022 1368 1106 1427 ad
1149 1368 1452 1444 publicum
1494 1366 1887 1442 praecedere,
1927 1362 1937 1440 Ι
1973 1385 2054 1425 ne
2099 1366 2255 1425 forte
2298 1366 2686 1442 paeniteariS.

598 1473 682 1531 111
850 1489 977 1528 non
1030 1470 1137 1527 tibi
1189 1469 1442 1545 expedit
1495 1469 1557 1524 in
1611 1468 2071 1543 expeditionem
2108 1461 2117 1544 Ι
2156 1467 2261 1543 ire,
2317 1484 2396 1524 ne
2451 1476 2667 1543 captus
2712 1469 2896 1525 inter·

934 1570 1165 1629 ficiariS.

529 1674 708 1742 101111
846 1674 1076 1733 habeto
1122 1672 1500 1731 consortium
1543 1679 1606 1729 et
1648 1669 1905 1729 multum
1942 1670 1954 1745 Ι
1992 1669 2257 1729 lucrariS.

598 1777 656 1834 V
849 1775 1062 1851 accipe
1098 1774 1496 1850 promissum;
1540 1789 1728 1849 quare
1767 1769 2062 1831 tristaris?

602 1877 684 1935 VI
851 1877 915 1934 in
956 1877 1124 1935 bono
1168 1875 1441 1951 gloriaris
1485 1873 1757 1932 feliciter.

533 2007 582 2046 15
600 1980 725 2039 VII
856 1996 1137 2037 succurre
1195 1978 1304 2036 tibi
1357 1985 1422 2034 et
1464 1977 1642 2034 citius
1687 1976 1788 2034 fac
1845 1968 2320 2054 tesltamentum,
2377 1978 2524 2053 quia
2572 1995 2735 2035 mors
2790 1978 2899 2036 tibi

936 2087 1230 2156 superest.

599 2182 747 2241 VIII
851 2199 997 2245 uera
1038 2188 1178 2239 sunt
1218 2178 1380 2248 uisa;
1424 2179 1689 2235 obserua
1732 2195 1812 2235 ne
1854 2177 1918 2236 in
1961 2170 2184 2257 alilquo
2230 2179 2458 2237 damno
2502 2180 2787 2240 incurras,

600 2283 772 2345 VIIII
851 2284 899 2340 si
944 2299 1071 2340 non
1110 2297 1279 2338 esses
1322 2296 1568 2348 auarus,
1617 2278 1762 2335 olim
1806 2271 2178 2357 optinuelras
2221 2298 2333 2355 per
2376 2279 2657 2341 libellum.

596 2482 757 2533 uerba
792 2483 858 2532 ad
896 2482 1159 2549 posterius
1207 2480 1530 2531 enuntiatum
1567 2480 1833 2546 pertinere
1879 2480 2146 2540 uidentur,
2194 2480 2288 2531 cfr.
2324 2480 2373 2541 3,
2413 2480 2463 2533 8.
2505 2480 2555 2547 5,
2598 2481 2679 2532 10.
2720 2480 2773 2540 ’7,
2816 2481 2898 2533 12.

596 2581 724 2639 puto
763 2572 830 2621 de
865 2571 1024 2620 laude
1060 2570 1216 2620 amici
1250 2570 1307 2618 in
1328 2569 1505 2635 priore
1544 2569 1833 2618 sententiae
1857 2576 2003 2634 parte
2033 2569 2225 2619 dictum
2255 2569 2432 2621 fuisse.
2460 2597 2524 2606 -—
2558 2567 2640 2622 10.
2665 2570 2900 2634 fingere

595 2662 924 2713 intransitiue
961 2661 1245 2711 adhibetur
1282 2675 1377 2726 per
1412 2666 1578 2708 totum
1614 2658 1863 2707 libellum
1902 2666 2123 2725 excepto
2160 2675 2269 2708 uno
2307 2658 2430 2709 loco
2475 2660 2558 2726 16,
2598 2660 2621 2710 1
2642 2676 2656 2719 ;
2709 2675 2897 2710 sensus

599 2751 790 2802 clarius
827 2749 1152 2812 intellegitur
1189 2764 1236 2798 e.
1274 2763 1325 2811 g.
1365 2749 1416 2807 6,
1454 2748 1486 2796 5
1514 2748 1708 2811 finget
1751 2748 1852 2796 tibi
1896 2754 1951 2796 et
1985 2749 2051 2796 de
2077 2747 2301 2814 fraude
2337 2733 2574 2813 cbgz‘tat5
2628 2748 2695 2797 ad
2741 2766 2897 2813 quem

599 2844 688 2892 uis
725 2838 1076 2905 supplendum
1125 2844 1206 2887 est
1254 2836 1380 2885 ‘tibi
1419 2828 1641 2884 donare'
1702 2834 1788 2884 uel
1840 2833 2013 2883 simile
2060 2835 2281 2901 aliquid,
2329 2836 2421 2887 cfr.
2462 2835 2510 2895 2,
2550 2835 2583 2887 8
2635 2837 2782 2901 quod
2820 2844 2900 2885 est

598 2940 914 2994 responsum
974 2926 1042 2975 ad
1095 2924 1320 2974 eandem
1373 2922 1731 2987 quaestionem
1775 2923 2071 2989 pertinens3
2129 2938 2247 2973 cum
2289 2923 2482 2989 finget
2526 2925 2627 2972 tibi
2660 2924 2751 2972 cfr.
2791 2922 2841 2989 6,
2863 2923 2896 2974 6

599 3019 863 3066 mentitur
900 3016 1012 3065 tibi.
1069 3014 1136 3063 ad
1186 3011 1344 3062 finem
1388 3011 1634 3076 responsi
1685 3011 1776 3062 cfr.
1814 3012 1866 3077 7,
1910 3012 1932 3061 1
1975 3014 2117 3060 uade
2154 3013 2254 3061 tibi
2272 3011 2459 3076 fatue.
2518 3037 2586 3047 ·-
2647 3011 2728 3062 11.
2772 3011 2895 3060 scri-

601 3105 834 3155 bendum
880 3100 1270 3169 signficatur?
1319 3116 1386 3150 an
1434 3100 1760 3163 cogitatione
1806 3099 2155 3166 supplendum
2206 3100 2495 3149 subiectum
2565 3095 2578 3113 ‘
2599 3093 2773 3149 sors'?
2827 3126 2889 3134 —-

607 3193 688 3245 12.
727 3195 891 3242 uadis
926 3207 1023 3257 pro
1062 3185 1275 3241 uades?
1311 3190 1405 3241 cfr.
1444 3189 1493 3248 2,
1526 3189 1608 3240 10.
1649 3186 1699 3248 3,
1745 3188 1823 3239 ll.
1898 3204 2122 3238 censeas
2149 3189 2268 3240 cod.
2309 3189 2566 3239 exhibere
2600 3189 2887 3246 uidebatur,

602 3282 749 3349 quod
787 3289 1003 3331 constas
1041 3295 1160 3329 esse
1196 3281 1279 3342 (=
1311 3269 1649 3343 ‘consistes')
1685 3276 2048 3327 Buechelerus
2087 3283 2284 3328 monet.
2323 3278 2413 3330 cfr.
2451 3281 2599 3329 Astr.
2647 3279 2727 3337 14,
2754 3277 2786 3327 5
2822 3274 2889 3327 οὔ

602 3375 787 3437 μενεῖς
820 3369 967 3422 ὅπου
1005 3367 1253 3430 ὑπάγεις.

803 3460 872 3525 V,
911 3458 960 3510 2.
989 3457 1341 3522 praecedere:
1391 3455 1447 3504 in
1484 3456 1676 3504 ceteris
1724 3455 1963 3503 eiusdem
2001 3454 2152 3504 seriei
2190 3456 2459 3520 responsis
2499 3470 2704 3519 semper
2752 3451 2901 3501 adhi-

601 3550 755 3600 betur
781 3550 1080 3614 procedere
1115 3546 1258 3610 quod
1296 3544 1459 3593 multo
1492 3543 1673 3594 melius
1712 3544 1963 3594 conuenit
1998 3552 2051 3593 et
2089 3545 2202 3594 sine
2240 3545 2404 3594 dubio
2440 3544 2528 3593 hic
2568 3557 2780 3608 quoque
2816 3557 2898 3590 re-

603 3638 922 3689 stituendum
961 3643 1057 3686 est.
1097 3636 1381 3700 poeniteri
1421 3633 1584 3682 forma
1628 3633 1880 3695 sortilego
1929 3633 2276 3683 usitatissima
2325 3633 2433 3684 uid.
2490 3631 2598 3680 ind.
2638 3645 2753 3678 cum
2791 3629 2897 3678 fine

603 3728 897 3777 sententiae
936 3726 1028 3777 cfr.
1067 3725 1186 3774 cod.
1226 3723 1374 3775 Mon.
1410 3723 1446 3773 f.
1478 3722 1611 3773 1101
1663 3721 1745 3772 VJ.
1785 3722 1886 3773 IV.
1927 3721 2000 3769 II
2030 3759 2043 3772 .
2083 3760 2095 3772 .
2136 3761 2148 3772 .
2187 3737 2255 3770 ne
2282 3729 2473 3787 postea
2501 3721 2787 3784 peniteris.
2827 3744 2896 3756 -—-

603 3817 652 3869 3.
693 3817 785 3867 cfr.
821 3818 965 3866 Astr.
1005 3814 1092 3872 95,
1115 3813 1146 3862 5
1173 3831 1239 3856 =
1270 3812 1349 3870 17,
1373 3810 1404 3861 7
1443 3810 1511 3863 οὐ
1549 3810 1823 3876 συμφέρει
1871 3822 1961 3862 σοι
1999 3813 2403 3875 στρατηγῆσαι.
2455 3836 2516 3846 ——
2572 3809 2621 3859 4.
2663 3826 2729 3851 ==
2769 3808 2821 3873 4,
2848 3807 2900 3858 3.

608 3931 671 3944 --
709 3906 757 3956 ὃ.
798 3905 1024 3953 tristari
1054 3901 1163 3952 uid.
1195 3901 1304 3950 ind.
1346 3925 1413 3935 —-
1465 3899 1517 3950 6.
1554 3899 1647 3949 cfr.
1683 3902 1828 3950 Astr.
1876 3895 1957 3957 18,
2002 3898 2066 3949 10
2109 3898 2418 3964 προκόψεις
2464 3896 2554 3948 ἐπὶ
2602 3897 2756 3960 καλῷ
2806 3894 2899 3946 καὶ

603 3992 943 4059 δοξασθήσῃ.
981 4018 1054 4028 -——
1092 3992 1139 4042 7.
1177 3997 1429 4055 superest
1460 3989 1642 4038 eodem
1684 4003 1843 4037 sensu
1880 3993 2184 4053 usurpatum
2213 3992 2307 4043 est,
2344 4001 2449 4049 quo
2479 3985 2527 4049 3,
2556 3985 2587 4034 5
2626 3983 2900 4032 dicebatur

604 4091 812 4148 tempus
850 4083 950 4132 tibi
973 4082 1288 4146 proximum
1326 4085 1433 4142 est,·
1494 4076 1596 4126 alia
1644 4077 1804 4126 huius
1844 4091 1968 4124 usus
2018 4074 2260 4139 exempla
2299 4088 2407 4122 non
2442 4072 2640 4133 inueni,
2692 4073 2788 4121 sed
2825 4070 2897 4119 fa-

603 4172 707 4222 cile
745 4170 1063 4237 explicatur:
1106 4168 1291 4217 eadem
1329 4172 1408 4215 est
1443 4166 1636 4229 image,
1680 4179 1816 4230 quae
1855 4169 1935 4211 est
1971 4162 2028 4211 in
2053 4159 2478 4226 frequentissimo
2515 4160 2685 4209 uerbo
2723 4158 2894 4209 immi-

604 4259 783 4310 nendi.
823 4258 916 4307 cfr.
951 4260 1097 4306 Astr.
1118 4255 1204 4321 62,
1232 4260 1262 4304 3
1301 4254 1369 4307 οὐ
1408 4252 1642 4319 σωθήσῃ
1681 4254 1784 4315 τῆς
1822 4248 2140 4312 ἀσθενείας·
2180 4247 2393 4300 διάθου.
2425 4275 2491 4285 -
2519 4248 2570 4299 8.
2608 4250 2901 4298 obseruare

604 4346 842 4398 exeuntis
880 4345 1203 4410 antiquitatis
1253 4343 1585 4409 temporibus
1632 4340 1792 4405 plane
1841 4340 1983 4388 idem
2025 4346 2106 4388 est
2143 4337 2289 4403 quod
2336 4336 2351 4355 ‘
2371 4330 2610 4396 cauere’;
2659 4335 2899 4402 exempla

604 4436 732 4486 uide
768 4435 907 4500 apud
944 4432 1297 4491 Romechium,
1335 4431 1473 4480 Itala
1505 4430 1615 4479 und
1655 4428 1882 4490 Vulgata
1917 4444 1969 4494 p.
2007 4427 2129 4479 374.
2170 4452 2237 4464 --
2284 4427 2334 4478 9.
2371 4434 2588 4493 propter
2625 4423 2897 4474 auaritiam

606 4509 719 4593 qui'
749 4530 917 4574 sortes
975 4523 1096 4582 adit,
1154 4527 1388 4586 sumptus
1437 4518 1625 4569 iudicii
1681 4517 1879 4567 ueritus
1933 4516 2288 4567 aduersarium
2346 4531 2455 4565 non
2510 4513 2788 4566 accusauit.
2829 4540 2894 4550 ——
