3290 5308
642 1765 1054 1825 Buechelerus
1112 1768 1176 1823 in
1234 1765 1438 1823 indice
1491 1764 1679 1825 schol.
1737 1763 1933 1824 Bonn.
1991 1774 2140 1824 aest.
2200 1765 2357 1825 1877
2410 1783 2469 1840 p.
2521 1767 2596 1823 13
2629 1781 2737 1835 33.

439 1867 664 1940 primus
696 1867 1007 1924 hominum
1049 1868 1423 1924 eruditorum
1454 1867 1673 1924 studiis
1705 1867 2041 1942 specimina
2072 1866 2328 1923 subiecit
2357 1866 2736 1924 collectionis

441 1967 692 2025 alicuius
726 1969 977 2025 sortium
1011 1968 1109 2025 uel
1141 1967 1540 2041 oraculorum,
1584 1984 1745 2042 quae
1772 1966 2003 2024 latebat
2035 1966 2098 2023 in
2129 1968 2353 2023 eodem
2385 1967 2487 2022 illo
2519 1968 2739 2024 codice

445 2066 840 2146 Sangallensi‚
886 2087 965 2126 ex
997 2087 1119 2144 quo
1151 2067 1516 2126 Niebuhrius
1548 2069 1798 2143 egregia
1821 2068 2136 2142 diligentia
2157 2066 2556 2124 Merobaudis
2581 2067 2740 2141 frag-

441 2177 651 2225 menta
693 2177 1074 2244 protraxerat
1139 2170 1396 2244 paginas
1452 2169 1583 2227 illas
1627 2170 1912 2244 impletas
1974 2157 2183 2242 ‘nugis
2230 2169 2310 2225 de
2356 2169 2739 2225 diuinatione

441 2286 520 2324 ex
556 2255 838 2327 somniis'
881 2271 982 2326 uix
1030 2271 1247 2344 dignas
1293 2279 1480 2348 ratuS,
1524 2287 1678 2345 quas
1706 2271 1767 2326 in
1796 2268 2179 2346 praefatione
2212 2277 2737 2327 commemoraret.

443 2369 566 2428 Sed
609 2390 809 2447 pauca
856 2381 1095 2429 tantum
1139 2392 1215 2428 ex
1259 2372 1350 2429 his
1394 2373 1706 2448 responsis
1755 2372 1871 2429 sibi
1912 2380 2275 2429 enotauerat
2301 2370 2738 2439 BuecheleruS,

438 2489 575 2529 cum
621 2474 887 2531 aduersa
931 2475 1286 2531 ualetudine
1351 2475 1452 2531 uix
1505 2476 1822 2550 inceptum
1881 2474 2129 2548 legendi
2186 2473 2460 2531 laborem
2516 2466 2741 2548 11111181-
2809 2476 2820 2483 “

438 2574 668 2632 fectum
723 2577 1062 2651 relinquere
1109 2586 1357 2634 coactus
1403 2585 1518 2636 est.
1605 2594 1789 2651 quem
1846 2585 1913 2633 ut
1974 2578 2058 2633 ad
2103 2575 2285 2633 finem
2334 2578 2735 2652 perducerem

440 2675 799 2734 Buecheleri
846 2677 1092 2736 hortatu
1139 2688 1379 2737 aestate
1425 2679 1571 2736 anni
1605 2681 1764 2739 1885
1813 2698 1922 2754 per
1952 2679 2381 2737 hebdomades
2413 2679 2738 2738 nonnullas

441 2775 505 2831 in
564 2778 712 2834 urbe
764 2778 818 2839 S.
869 2779 1022 2837 Galli
1076 2789 1347 2837 moratus
1394 2798 1529 2838 sum
1586 2781 1648 2837 in
1707 2797 1895 2854 opere
1955 2780 2122 2837 haud
2176 2780 2263 2837 ita
2321 2779 2480 2836 facili
2525 2781 2740 2837 mirum

442 2887 730 2964 quantum
799 2882 1046 2939 adiutus
1117 2884 1364 2957 egregia
1408 2882 1793 2939 Idtensohnii
1854 2880 2302 2937 bibliothecarii
2363 2881 2738 2939 liberalitate.

439 2995 600 3052 quae
645 2982 940 3039 extricare
984 2985 1158 3057 potui
1205 3001 1279 3038 ex
1324 2982 1566 3039 schedis
1612 2982 1910 3039 deleticiis
1956 2981 2048 3037 his
2092 2981 2332 3056 paginis
2377 2998 2738 3055 proponam.

637 3078 855 3138 Codex
917 3092 1013 3140 est
1073 3084 1482 3158 Sangallensis
1539 3102 1599 3141 n.
1649 3084 1772 3142 908
1848 3082 2177 3157 rescriptus
2223 3083 2284 3138 111
2336 3075 2418 3155 4⁰,
2476 3083 2556 3138 de
2616 3099 2738 3156 quo

438 3179 694 3238 sufficiat
722 3166 727 3172 ’
759 3184 1049 3240 lectorem
1116 3187 1198 3241 ad
1268 3192 1619 3241 accuratam
1676 3166 1955 3241 Schereri
2018 3183 2495 3257 descriptionem
2560 3179 2739 3259 (Ver-

436 3280 697 3339 zeichnis
761 3284 820 3343 d.
889 3283 1376 3341 Handschriften
1441 3286 1501 3344 d.
1557 3284 2104 3342 Stifts-Bibliothek
2171 3284 2228 3345 S.
2279 3284 2500 3341 Gallen
2549 3281 2739 3359 1875)

437 3381 760 3456 relegasse.
807 3393 1022 3458 sorteS‚
1077 3386 1158 3441 de
1204 3387 1422 3460 quibus
1468 3386 1687 3460 agitur,
1746 3387 2138 3443 continentur
2183 3384 2394 3442 XVIII
2441 3384 2617 3454 foliis,
2672 3387 2739 3442 id

437 3491 535 3538 est
578 3484 816 3556 paginis
872 3487 1221 3558 187-218,
1278 3487 1418 3546 275.
1467 3487 1606 3546 276.
1657 3489 1797 3546 293.
1848 3489 1997 3561 294;
2054 3487 2245 3543 deluit
2300 3504 2406 3543 eas
2464 3485 2738 3543 librarius

435 3583 685 3655 quidam
741 3587 964 3642 saeculi
1018 3586 1247 3662 octaui,
1309 3588 1411 3661 qui
1467 3587 1745 3644 codicem
1809 3588 1998 3644 talem
2044 3586 2240 3662 qualis
2294 3604 2458 3644 nunc
2509 3597 2605 3644 est
2664 3604 2738 3643 ex

436 3702 662 3742 nouem
706 3686 970 3760 antiquis
1024 3688 1187 3745 libris
1242 3689 1580 3764 paucisque
1645 3688 1801 3746 foliis
1859 3698 2042 3746 antea
2098 3688 2376 3744 nondum
2435 3687 2740 3761 usurpatis

435 3788 887 3844 consarcinauit
911 3798 971 3846 et
999 3790 1301 3865 excerptis
1342 3807 1417 3845 ex
1448 3789 1609 3846 libris
1634 3788 1857 3846 Isidori
1880 3788 2206 3864 Augustini
2236 3787 2491 3845 aliorum
2528 3789 2738 3845 uariis-

435 3905 553 3961 que
598 3889 874 3965 impleuit
902 3890 1323 3965 uocabulariiS.
1371 3891 1441 3947 iis
1486 3890 1661 3963 foliis,
1711 3908 1869 3965 quae
1894 3909 1970 3947 ex
2005 3891 2257 3947 sortium
2301 3889 2518 3947 codice
2562 3908 2740 3947 suum

436 3986 498 4043 in
541 4006 718 4047 usum
762 4001 1171 4061 conuerterat,
1217 3993 1498 4049 omnibus
1544 3992 1940 4049 uocabularia
1983 3991 2293 4066 inscripsit
2348 3991 2589 4047 duabus
2636 4008 2740 4047 co-

437 4085 653 4144 lumnis
698 4093 1035 4165 composita
1081 4093 1182 4161 ita,
1228 4101 1296 4149 ut
1339 4101 1401 4149 et
1447 4110 1520 4148 ex
1570 4103 1827 4167 utraque
1874 4101 2049 4167 parte
2083 4092 2459 4150 uocabularii
2490 4101 2556 4150 et
2582 4092 2741 4149 inter

436 4189 672 4247 medias
723 4193 1033 4250 columnas
1078 4195 1241 4268 prior
1285 4195 1575 4270 scriptura
1620 4195 1961 4269 posteriore
2005 4210 2130 4250 non
2165 4202 2505 4269 tegeretur.

591 4285 791 4348 'Cum
847 4296 1129 4368 antiquus
1190 4296 1411 4364 codex,
1481 4312 1601 4369 quo
1665 4305 1860 4352 sortes
1923 4295 2417 4362 continebantur,
2460 4294 2737 4369 longiore

435 4388 646 4447 fuisset
676 4390 869 4449 forma
900 4411 1081 4468 quam
1105 4394 1247 4452 huic
1279 4396 1522 4452 librario
1547 4396 1979 4462 conueniebat,
2025 4394 2375 4451 inferiorem
2400 4395 2737 4470 marginem

429 4491 675 4565 penitus
717 4495 997 4562 resecuit,
1069 4505 1136 4552 ut
1191 4513 1319 4552 non
1374 4514 1511 4554 raro
1570 4497 1758 4554 etiam
1824 4514 1965 4571 pars
2024 4496 2225 4570 aliqua
2281 4496 2466 4553 infimi
2521 4513 2736 4552 uersus

2308 4594 2334 4645 1
