3290 5308
1553 460 1907 517 *43-

579 638 709 697 sine
753 638 945 697 dubio
990 638 1072 698 ad
1113 638 1441 716 municipia
1487 647 1850 714 ceterasque
1893 638 2349 714 prouinciarum
2391 639 2570 697 urbes
2616 638 2875 715 oppida-

580 757 700 815 que
756 747 1017 816 spectat‚
1083 740 1304 797 eodem
1366 733 1631 814 pertinet
1688 740 2170 815 decemprimus;
2241 758 2383 798 nam
2446 757 2584 797 cum
2643 740 2878 797 curialis

578 850 827 918 praetor
869 840 1086 900 aedilis
1145 841 1356 899 ciuiles
1412 842 1535 899 sint
1579 843 1986 916 magistratuS,
2059 842 2503 918 decemprimus
2557 859 2684 899 non
2726 842 2879 899 mili-

580 944 725 1000 taris
767 952 862 1000 est
916 941 1370 1015 intellegendus
1429 943 1543 999 sed
1598 943 1746 999 item
1792 943 2002 1009 ciuiliS,
2070 944 2223 1001 tales
2274 961 2424 1001 uero
2488 942 2877 1016 decemprimi

579 1039 821 1101 Romae
878 1060 1004 1100 non
1064 1043 1456 1100 inueniuntur
1513 1044 1627 1100 sed
1670 1044 1733 1099 in
1792 1043 2119 1119 prouinciis
2183 1051 2442 1102 tantum.
2508 1061 2656 1100 num
2701 1043 2881 1117 igitur

577 1146 704 1203 ueri
751 1144 943 1202 simile
995 1153 1091 1201 est
1148 1145 1405 1221 primum
1453 1146 1534 1203 de
1586 1145 2047 1221 magistratibus
2091 1146 2210 1222 agi,
2272 1147 2482 1221 quales
2527 1152 2775 1203 exstant
2816 1144 2878 1201 in

578 1245 925 1322 prouinciiS,
958 1246 1188 1303 deinde
1218 1247 1299 1303 de
1331 1246 1637 1318 Romano,
1670 1247 1900 1304 deinde
1931 1264 2132 1304 rursus
2180 1247 2263 1304 de
2305 1241 2711 1322 prouinciali?
2756 1263 2884 1302 non

576 1347 834 1405 multum
879 1347 1207 1404 tribuerem
1236 1346 1379 1404 huic
1422 1347 1891 1416 ratiocinationi,
1934 1347 2052 1405 nisi
2096 1348 2212 1406 alia
2257 1348 2653 1406 accederent.
2699 1347 2752 1405 si
2798 1348 2881 1404 de

578 1448 874 1505 Romanis
919 1446 1221 1506 aedilibus
1263 1448 1465 1522 agitur
1506 1448 1616 1505 illis
1664 1448 2006 1526 sententiiS,
2054 1464 2183 1506 non
2227 1448 2419 1506 multo
2469 1456 2612 1523 post
2653 1465 2883 1506 annum

581 1552 706 1610 200
749 1557 925 1607 ortae
984 1564 1125 1606 esse
1152 1562 1153 1565 ’
1183 1557 1473 1624 possunt;
1540 1551 1709 1607 idem
1774 1548 1902 1607 fere
1968 1559 2208 1624 tempus
2272 1550 2745 1608 commendatur
2805 1566 2882 1607 ea

577 1651 833 1717 ratione,
866 1666 988 1724 qua
1018 1650 1099 1706 de
1131 1651 1538 1709 curialibus
1582 1662 1648 1710 et
1677 1652 2201 1728 decemprimis
2247 1652 2669 1728 respondetur.
2719 1646 2883 1709 desi-

577 1753 756 1809 derat
783 1751 854 1822 is,
879 1752 984 1826 qui
1013 1760 1211 1811 sortes
1234 1753 1512 1832 consulit,
1545 1755 1783 1813 curialis
1812 1762 1878 1812 et
1900 1755 2346 1829 decemprimus
2377 1771 2513 1812 esse
2538 1748 2668 1830 (28,
2693 1755 2752 1812 4.
2780 1755 2882 1821 30,

579 1855 635 1914 7.
668 1848 750 1930 8),
793 1870 905 1930 pro
949 1853 1188 1911 honore
1231 1854 1412 1929 igitur
1450 1856 1642 1914 habet
1685 1856 1842 1915 haec
1884 1873 2158 1916 munera.
2207 1856 2460 1915 saeculo
2511 1861 2730 1930 quarto
2776 1853 2876 1911 uix

576 1954 900 2030 quisquam
942 1955 1182 2013 curialis
1226 1974 1366 2014 esse
1411 1958 1697 2033 optabat:
1749 1959 1897 2016 uide
1934 1957 2088 2018 Cod.
2123 1958 2444 2016 Theodos.
2476 1956 2616 2024 XII,
2646 1959 2699 2015 1.
2744 1973 2877 2012 mu-

575 2055 868 2113 tationem
910 2063 1137 2132 autem,
1201 2076 1325 2133 qua
1370 2076 1450 2115 ex
1494 2058 1833 2117 honorifico
1893 2059 2159 2117 ciuitatis
2214 2075 2469 2117 munere
2526 2074 2680 2114 onus
2727 2056 2878 2114 illud

566 2157 702 2216 -fere
745 2158 1127 2217 intolerabile
1157 2158 1363 2228 fiebat,
1409 2160 1581 2235 quod
1613 2160 1716 2216 uel
1761 2176 1872 2233 pro
1908 2176 2112 2234 poena
2155 2159 2335 2217 alicui
2379 2165 2596 2234 posset
2625 2157 2877 2233 imponi,

577 2258 805 2319 factam
847 2277 988 2318 esse
1032 2260 1162 2318 ueri
1207 2260 1401 2318 simile
1447 2268 1543 2319 est
1589 2260 1966 2337 temporibus
2008 2234 2263 2336 Septimi
2307 2259 2518 2319 Seueri
2573 2267 2639 2316 et
2688 2256 2877 2316 Cara·

576 2361 772 2419 callae
835 2357 1237 2437 (Marquardt‚
1293 2362 1471 2423 Rom.
1532 2361 2116 2437 Staatsverwaltung
2165 2366 2220 2439 1,
2271 2362 2390 2421 196
2451 2379 2513 2421 n.
2560 2357 2644 2437 1).
2712 2359 2875 2417 circa

574 2466 843 2523 eandem
904 2465 1081 2540 igitur
1132 2470 1399 2522 aetatem
1460 2470 1524 2520 et
1583 2462 1820 2521 aediles
1881 2463 2241 2538 magistratu
2307 2461 2474 2537 fungi
2534 2460 2869 2535 desierunt,

575 2575 639 2625 et
681 2567 991 2625 curialium
1032 2582 1253 2623 munus
1299 2565 1573 2623 funditus
1611 2572 1915 2624 mutatum
1956 2573 2083 2638 est3
2131 2565 2194 2620 in
2235 2563 2501 2622 sortibus
2533 2578 2683 2620 uero
2728 2577 2875 2618 nos-

573 2669 680 2726 tris
709 2676 775 2726 et
817 2667 1052 2728 aediles
1082 2674 1637 2725 commemorantur
1678 2674 1742 2724 et
1769 2667 2056 2743 pristinus
2100 2666 2399 2724 curiarum
2442 2673 2639 2723 status
2684 2664 2873 2739 respi-

573 2770 745 2830 citur.
790 2771 1002 2846 itaque
1045 2785 1173 2826 non
1213 2769 1347 2827 sine
1390 2768 1825 2854 probabilitate
1855 2786 1957 2826 me
1999 2768 2375 2826 contendere
2419 2774 2570 2841 puto
2613 2764 2870 2822 sortium

544 2870 1057 2947 -Sangallensium
1114 2871 1544 2929 collectionem
1587 2871 1752 2930 circa
1803 2887 2032 2928 annum
2080 2872 2203 2931 200
2245 2878 2444 2927 ortam
2487 2882 2664 2935 esse;
2727 2883 2871 2924 nam

570 2990 652 3031 ne
692 2973 1101 3048 antiquiorem
1143 2990 1283 3030 eam
1327 2981 1634 3050 putemus,
1702 2972 2043 3049 impediunt
2088 2971 2437 3030 sententiae
2482 2968 2867 3026 christianae.

773 3075 986 3134 Sermo
1028 3091 1178 3132 uero
1219 3073 1467 3133 sortium
1524 3092 1673 3132 num
1716 3075 1768 3132 is
1810 3081 1926 3148 est,
1989 3089 2173 3149 quem
2216 3090 2327 3147 pro
2373 3071 2473 3129 illa
2518 3075 2721 3127 aetate
2764 3084 2867 3123 ex-

572 3170 965 3251 spectemus?
1006 3192 1230 3233 uereor
1262 3191 1342 3232 ne
1375 3175 1478 3250 qui
1510 3174 1777 3232 libellum
1805 3174 2155 3250 inspexerit,
2188 3172 2381 3231 multo
2413 3168 2679 3228 inferiori
2714 3176 2865 3224 tem-

573 3276 706 3354 pori
762 3294 904 3334 eum
971 3275 1196 3335 tribuat
1251 3283 1505 3352 propter
1561 3294 1928 3334 sermonem.
2019 3275 2144 3333 Sed
2192 3275 2255 3331 in
2310 3274 2430 3330 hoc
2489 3270 2869 3347 potissimum

571 3378 909 3436 litterarum
963 3395 1188 3454 genere
1239 3385 1368 3436 tam
1424 3376 1604 3436 facile
1648 3378 1775 3435 fieri
1834 3377 2053 3452 potuit,
2123 3383 2189 3433 ut
2231 3374 2602 3451 posteriores
2647 3369 2871 3429 librarii

572 3479 693 3537 alia
735 3487 800 3537 et
854 3479 1128 3538 recentia
1175 3479 1570 3555 adveherent,
1625 3486 1695 3548 ut
1738 3479 1819 3536 de
1865 3486 2162 3554 tempore,
2221 3493 2344 3551 quo
2389 3475 2650 3552 primum
2710 3488 2874 3530 com·

570 3581 809 3657 positus
840 3581 919 3638 sit
963 3579 1215 3651 libellus,
1261 3581 1402 3639 nihil
1450 3581 1577 3638 fere
1622 3597 1699 3637 ex
1732 3598 1811 3638 eo
1855 3579 2013 3638 effici
2050 3579 2269 3655 possit.
2315 3594 2517 3655 neque
2549 3592 2697 3633 uero
2737 3583 2870 3631 tan-

572 3691 701 3739 tum
731 3690 1025 3757 quantum
1060 3682 1256 3756 primo
1302 3683 1519 3740 obtutu
1554 3675 1805 3741 'uidetur
1848 3699 2199 3739 sermonem
2230 3696 2507 3755 pugnare
2550 3688 2700 3752 puto
2733 3692 2867 3733 cum

569 3802 666 3853 eo,
711 3785 883 3859 quod
925 3801 1126 3859 pauca
1168 3783 1268 3841 illa
1298 3783 1527 3842 indicia
1569 3783 1651 3839 de
1696 3783 1928 3858 origine
1960 3783 2177 3841 harum
2215 3781 2467 3856 sortium
2496 3777 2865 3835 suadebant.

569 3904 712 3944 nam
755 3886 967 3943 mirum
1012 3893 1306 3959 quantum
1357 3885 1641 3960 congruit
1684 3903 1824 3942 cum
1870 3898 2156 3942 sermone
2201 3883 2306 3959 qui
2350 3881 2657 3938 inuenitur
2702 3877 2870 3952 apud

569 3988 894 4061 scriptores
924 3986 1372 4044 ecclesiasticos
1404 3986 1787 4044 saeculorum
1833 3986 1991 4044 tertii
2037 3987 2120 4044 ad
2166 3985 2460 4061 quintum,
2506 3989 2571 4039 et
2603 3979 2866 4037 maxime

569 4105 709 4146 cum
764 4086 1025 4161 reliquiis
1083 4089 1430 4161 uersionum
1484 4088 1774 4146 librorum
1827 4095 2182 4145 sanctorum
2236 4093 2380 4142 ante
2424 4082 2867 4155 Hieronymum

571 4189 884 4248 factarum.
928 4189 1052 4247 iam
1091 4207 1240 4246 uero
1282 4189 1402 4247 hoc
1444 4206 1641 4265 genus
1687 4190 1983 4247 sermonis
2027 4207 2156 4245 non
2200 4187 2320 4245 tale
2365 4195 2479 4258 est,
2524 4183 2710 4269 quale
2756 4198 2865 4239 un·

571 4308 753 4365 quam
800 4289 1113 4349 cotidiana
1155 4292 1546 4349 conuersatio
1591 4290 1925 4365 usurpauit,
1996 4290 2111 4347 sed
2154 4289 2410 4345 mixtum
2467 4304 2543 4343 ex
2588 4298 2869 4342 sermone

567 4393 794 4450 rustico
840 4398 904 4448 et
960 4391 1228 4469 plurimis
1281 4391 1648 4467 graecismiS‚
1716 4392 1820 4466 qui
1875 4391 1937 4448 in
1995 4391 2278 4448 uersione
2338 4394 2630 4446 accurata
2670 4377 2864 4441 'uitari

566 4493 816 4553 omnino
860 4510 988 4550 non
1030 4493 1357 4569 potuerint.
1404 4493 1503 4549 uix
1548 4502 1758 4551 autem
1789 4493 2112 4568 quisquam
2157 4493 2367 4550 credet
2398 4506 2539 4546 eum
2585 4488 2688 4563 qui
2734 4501 2858 4542 sor·
