3290 5308
1480 491 1800 542 ...7.-

485 668 725 744 positus
775 667 905 744 fuit,
963 669 1103 735 200,
1153 669 1188 725 2
1241 664 1353 723 XI
1395 667 1532 723 licet
1579 666 1789 722 multos
1843 666 2050 723 amicos
2102 665 2276 722 habes
2342 672 2397 721 et
2437 663 2511 721 ab
2557 665 2639 720 eis
2686 663 2799 722 tibi

473 769 863 842 promittitur,
914 768 1018 823 sed
1069 767 1141 823 ab
1187 768 1365 823 amico
1421 766 1579 823 nihil
1629 768 2019 841 consequerzlr3
2087 785 2244 822 nemo
2300 765 2418 823 tibi
2450 766 2636 839 prode
2691 771 2788 825 est.

488 846 631 937 200,
680 871 758 928 22
809 868 878 926 Χ
908 888 1021 926 non
1068 874 1152 924 est
1193 867 1310 925 tibi
1348 869 1518 924 utilis
1555 869 1774 924 amicus
1819 886 1920 924 nec
1964 869 2206 943 aliquid
2233 869 2369 925 inde
2396 867 2784 943 consequerz's3

486 972 612 1026 sine
654 989 830 1026 causa
873 969 1171 1029 erubescis.
1257 970 1317 1026 in
1361 969 1451 1026 his
1494 970 1731 1026 numeri
1772 986 1976 1044 neque
2007 969 2354 1027 ascendunt
2399 986 2603 1043 neque
2646 968 2789 1024 des-

489 1073 760 1130 cendunt
804 1072 917 1128 sed
960 1080 1171 1146 aperte
1216 1070 1441 1128 turbati
1487 1078 1660 1138 sunt;
1727 1070 2018 1144 quoniam
2079 1070 2262 1144 igitur
2306 1069 2788 1145 transpositione

492 1190 646 1248 opus
701 1180 811 1240 est,
872 1189 1056 1229 nemo
1118 1171 1422 1229 dubitabit
1464 1172 1550 1229 ita
1617 1179 2040 1246 transponere,
2103 1179 2171 1227 ut
2234 1172 2390 1229 haec
2449 1170 2593 1229 folia
2650 1186 2789 1227 cum

488 1282 830 1332 ceterorum
878 1274 1012 1349 lege
1058 1281 1417 1347 congruant,
1474 1273 1538 1328 id
1584 1273 1758 1346 quod
1807 1272 1873 1328 fit
1918 1273 1970 1329 si
2015 1272 2289 1329 dodecas
2336 1273 2435 1340 28,
2495 1288 2656 1348 quae
2702 1271 2787 1327 in·

485 1375 630 1451 cipit
655 1393 716 1450 p.
750 1378 892 1444 200,
929 1378 984 1451 7,
1030 1385 1174 1432 ante
1206 1375 1599 1432 dodecadem
1647 1376 1743 1443 29,
1789 1391 1947 1448 quae
1976 1374 2189 1448 incipit
2231 1393 2290 1449 p.
2332 1375 2469 1444 199,
2503 1374 2559 1443 5,
2591 1381 2789 1430 trans-

485 1476 697 1547 fertur3
746 1486 874 1535 tum
917 1486 1082 1534 recte
1127 1476 1500 1534 alternantur
1545 1476 1621 1535 27
1673 1475 1884 1534 VIIII.
1932 1476 2010 1533 28
2057 1474 2133 1532 Χ.
2181 1477 2258 1533 29
2306 1474 2417 1533 ΧΙ.

688 1578 865 1650 Quae
906 1578 1168 1634 mutatio
1215 1577 1460 1634 aliunde
1516 1576 1762 1651 egregie
1805 1576 2091 1633 firmatur.
2145 1576 2647 1633 ‘demonstratum
2692 1585 2790 1632 est

489 1682 712 1737 deesse
773 1679 930 1735 inter
993 1696 1053 1752 p.
1102 1678 1219 1736 192
1263 1685 1328 1733 et
1378 1678 1494 1736 189
1552 1693 1743 1733 unum
1795 1676 2027 1745 folium;
2082 1694 2355 1747 ‚necesse
2413 1685 2524 1746 est,
2591 1676 2638 1733 si
2684 1675 2787 1733 uni

487 1781 689 1837 libello
744 1779 1127 1837 attribuimus
1183 1778 1389 1836 omnia
1431 1779 1514 1835 de
1569 1776 1789 1853 quibus
1841 1777 2041 1851 agitur
2083 1776 2247 1850 folia,
2317 1778 2474 1835 inter
2530 1778 2787 1852 paginas

490 1883 613 1940 200
657 1888 721 1937 et
774 1882 886 1939 197
934 1880 1081 1936 item
1127 1896 1314 1936 unum
1360 1880 1582 1936 deesse
1614 1878 1842 1956 folium,
1888 1880 2059 1953 quod
2082 1880 2226 1937 olim
2261 1879 2605 1937 cohaeserit
2649 1896 2787 1938 cum

488 1983 679 2040 altero
723 1982 843 2041 illo.
933 1981 1053 2038 iam
1093 1982 1141 2038 si
1188 1998 1372 2038 unum
1420 1981 1630 2038 folium
1675 1981 1771 2038 uel
1818 1981 1983 2038 duae
2015 1981 2377 2038 dodecades
2424 1977 2618 2055 (quod
2652 1982 2787 2056 plus

386 2066 389 2073 ’
486 2102 668 2159 quam
712 2085 875 2142 duae
921 2084 1281 2141 dodecades
1326 2101 1402 2140 eo
1448 2082 1595 2142 folio
1642 2083 2091 2158 continebatur,
2138 2084 2224 2140 ad
2267 2084 2661 2141 dodecadem
2707 2085 2789 2144 30

488 2186 895 2261 supplendam
920 2186 1330 2243 necessarium
1358 2184 1482 2258 est)
1507 2184 1944 2242 subtrahuntur
1974 2203 2011 2242 a
2039 2185 2368 2243 dodecade
2399 2186 2481 2245 30
2503 2179 2589 2262 (p.
2621 2178 2790 2260 197),

484 2288 670 2362 plane
722 2287 762 2344 ii
817 2287 1051 2344 numeri
1108 2286 1421 2353 eueniunt,
1487 2287 1593 2360 qui
1651 2293 1793 2343 sunt
1848 2286 1912 2342 in
1973 2285 2303 2343 dodecade
2364 2287 2463 2361 29,
2528 2295 2595 2342 ut
2638 2284 2787 2341 inde

486 2395 783 2467 appareat
825 2387 986 2443 hanc
1013 2387 1290 2445 ultimam
1336 2387 1522 2444 fuisse
1568 2394 1715 2444 ante
1747 2387 2030 2445 lacunam
2068 2387 2250 2462 eique
2278 2387 2787 2462 praeponendam

483 2506 626 2546 esse
687 2488 1079 2546 dodecadem
1123 2490 1220 2555 28,
1282 2505 1405 2562 qua
1447 2488 1788 2546 mutatione
1834 2487 2016 2563 facta,
2080 2496 2144 2544 ut
2198 2505 2380 2562 supra
2436 2488 2786 2562 expositum

484 2599 596 2659 est,
641 2590 803 2646 bene
852 2587 1198 2664 procedunt
1240 2588 1490 2647 numeri.

689 2691 1178 2764 Quaternionem
1209 2708 1358 2749 uero
1405 2690 1589 2750 fuisse
1621 2691 1784 2749 hunc
1808 2709 2055 2766 quoque
2094 2692 2358 2749 libellum
2380 2691 2785 2767 intellegetur,

487 2794 537 2852 si
579 2794 630 2851 is
672 2792 776 2868 qui
821 2792 1195 2866 sequebatur
1249 2800 1314 2849 et
1372 2793 1422 2850 is
1476 2791 1580 2867 qui
1641 2793 2055 2852 antecedebat
2107 2793 2370 2849 restituti
2417 2800 2611 2850 erunt.
2705 2793 2783 2849 ab

483 2894 695 2951 ultima
764 2893 936 2950 cuius
1001 2893 1237 2950 initium
1307 2902 1618 2951 seruatum
1681 2901 1777 2951 est
1820 2894 2045 2968 pagina
2117 2895 2253 2961 190,
2321 2892 2652 2949 dodecade
2706 2893 2783 2951 39

483 2995 673 3051 distat
715 3001 1007 3068 quattuor
1035 2995 1439 3052 dodecadum
1483 2995 1687 3069 spatio
1711 2994 1990 3052 dodecas
2018 2996 2099 3053 40
2129 3012 2184 3069 p.
2217 2996 2334 3054 201
2370 2988 2492 3068 (39,
2523 2993 2553 3050 Ι
2577 3024 2661 3034 -
2684 2995 2783 3066 40,

483 3096 603 3163 V1;
650 3097 750 3164 39,
782 3095 1074 3172 11—40,
1097 3094 1242 3170 V11;
1297 3097 1397 3163 39,
1443 3095 1779 3167 III—40,
1808 3089 2018 3173 VIII);
2077 3113 2218 3153 cum
2273 3095 2416 3153 folio
2476 3095 2615 3154 201.
2664 3096 2784 3153 202

484 3197 774 3255 cohaeret
808 3198 944 3256 187.
981 3198 1130 3265 188;
1178 3197 1335 3253 inter
1376 3196 1534 3254 haec
1580 3197 1797 3254 lacuna
1842 3207 1933 3254 est
1980 3205 2216 3254 nouem·
2244 3196 2643 3255 dodecadum
2689 3196 2786 3252 uel

482 3306 773 3373 quattuor
819 3296 1128 3369 foliorum;
1189 3297 1464 3371 sequitur
1514 3300 1655 3357 201.
1705 3298 1823 3357 202
1881 3298 2127 3355 tertium
2186 3314 2325 3354 esse
2383 3296 2594 3353 folium
2642 3304 2785 3354 ante

484 3398 758 3455 medium
802 3396 1087 3456 libellum.
1175 3398 1225 3454 si
1281 3398 1463 3474 igitur
1510 3399 1771 3456 duorum
1818 3398 2121 3475 foliorum,
2178 3415 2339 3473 quae
2386 3396 2786 3455 continebant

484 3492 774 3575 quattuor
837 3496 970 3554 illas
1037 3499 1395 3557 dodecades
1456 3508 1520 3557 et
1578 3518 1656 3557 ea
1698 3517 2018 3577 responsa,
2082 3517 2242 3575 quae
2306 3498 2496 3556 hodie
2542 3499 2784 3557 deside·

482 3608 694 3659 rantur
734 3600 809 3657 in:
840 3598 960 3656 fine
1007 3598 1349 3658 dodecadis
1396 3603 1474 3660 39
1529 3601 1703 3659 initio
1749 3601 2090 3659 dodecadis
2138 3603 2237 3669 40,
2292 3601 2550 3658 alterum
2610 3608 2785 3670 ante-

484 3700 733 3760 cedenti
775 3701 1029 3758 alterum
1075 3702 1360 3775 sequenti
1405 3701 1688 3760 tribuitur
1725 3703 1948 3781 libello,
2004 3709 2264 3777 uterque
2309 3709 2402 3760 est
2446 3685 2783 3777 quaternio,

683 3800 968 3860 Similiter
1034 3820 1071 3859 a
1135 3800 1466 3860 dodecade
1534 3804 1610 3861 27
1686 3796 1769 3878 (p.
1821 3800 1967 3878 199)
2031 3811 2338 3878 quattuor
2383 3801 2784 3860 dodecadum

483 3904 682 3978 spatio
729 3910 1016 3977 separata
1059 3910 1155 3959 est
1198 3902 1472 3961 dodecas
1504 3905 1582 3962 26
1631 3899 1719 3977 (p.
1747 3900 1918 3982 294),
1964 3904 2090 3962 duo
2135 3904 2318 3979 igitur
2361 3902 2505 3961 folia
2535 3905 2781 3980 desunt,

486 4020 742 4077 quorum
772 4003 1077 4080 posterius
1124 4003 1176 4060 si
1204 4004 1485 4078 sequenti
1515 4005 1719 4062 libello
1746 4007 1831 4063 ad
1858 4006 2294 4080 complendum
2317 3989 2783 4080 quaternionem

484 4105 858 4183 adscribitur,
904 4106 1070 4181 prius
1116 4106 1171 4164 ei
1216 4107 1298 4164 de
1344 4123 1468 4184 quo
1514 4125 1681 4165 nunc
1711 4108 1911 4182 agitur
1954 4107 2178 4177 libello,
2222 4106 2321 4165 hic
2351 4124 2598 4182 quoque
2628 4125 2779 4184 qua-

484 4207 681 4263 ternio
728 4216 836 4266 est.
897 4206 1190 4266 cohaeret
1234 4207 1397 4264 enim
1455 4224 1595 4266 cum
1640 4207 1788 4266 folio
1835 4210 1976 4270 293.
2025 4210 2144 4269 294
2192 4208 2403 4267 folium
2448 4210 2588 4269 275.
2638 4210 2781 4287 276,

485 4324 522 4362 a
567 4323 689 4381 quo
747 4308 928 4365 trium
986 4310 1384 4368 dodecadum
1442 4311 1543 4367 uel
1611 4310 1787 4368 unius
1852 4310 1977 4370 folii
2036 4310 2238 4386 spatio
2294 4310 2634 4368 seiunctum
2687 4319 2783 4368 est

483 4406 581 4467 fol.
624 4408 764 4467 215.
814 4410 955 4477 216,
1012 4411 1181 4485 quod
1231 4427 1369 4469 cum
1433 4410 1579 4469 folio
1624 4412 1766 4471 206.
1811 4413 1932 4473 206
1991 4411 2057 4469 in
2108 4411 2316 4470 medio
2358 4411 2626 4487 positum
2670 4411 2782 4469 suit

486 4508 688 4567 libello
731 4506 904 4582 (uide
946 4528 1005 4584 p.
1050 4506 1133 4582 4).
1187 4512 1237 4569 si
1282 4512 1462 4586 igitur
1507 4522 1654 4570 ante
1699 4532 1753 4588 p.
1801 4514 1922 4573 275
1976 4530 2162 4571 unum
2205 4514 2518 4589 suppletur
2567 4512 2779 4571 folium
