<?xml version="1.0" encoding="UTF-8"?>
<!DOCTYPE html PUBLIC "-//W3C//DTD XHTML 1.0 Transitional//EN"
    "http://www.w3.org/TR/xhtml1/DTD/xhtml1-transitional.dtd">
<html xmlns="http://www.w3.org/1999/xhtml" xml:lang="en" lang="en">
 <head>
  <title>
</title>
<meta http-equiv="Content-Type" content="text/html;charset=utf-8" />
  <meta name='ocr-system' content='tesseract 3.04.00' />
  <meta name='ocr-capabilities' content='ocr_page ocr_carea ocr_par ocr_line ocrx_word'/>
</head>
<body>
  <div class='ocr_page' id='page_1' title='image "./sortessangallen01winngoog_0014.png"; bbox 0 0 3290 5308; ppageno 0'>
   <div class='ocr_carea' id='block_1_1' title="bbox 1498 465 1828 531">
    <p class='ocr_par' dir='ltr' id='par_1_1' title="bbox 1498 465 1828 531">
     <span class='ocr_line' id='line_1_1' title="bbox 1498 465 1828 531; baseline 0 0"><span class='ocrx_word' id='word_1_1' title='bbox 1498 465 1828 531; x_wconf 77' lang='lat'>.-6-</span> 
     </span>
    </p>
   </div>
   <div class='ocr_carea' id='block_1_2' title="bbox 527 642 2828 1534">
    <p class='ocr_par' dir='ltr' id='par_1_2' title="bbox 527 642 2827 1309">
     <span class='ocr_line' id='line_1_2' title="bbox 729 642 2825 724; baseline 0.002 -24"><span class='ocrx_word' id='word_1_2' title='bbox 729 642 860 701; x_wconf 88' lang='lat' dir='ltr'>Iam</span> <span class='ocrx_word' id='word_1_3' title='bbox 903 643 1113 701; x_wconf 86' lang='lat' dir='ltr'>folium</span> <span class='ocrx_word' id='word_1_4' title='bbox 1161 645 1446 705; x_wconf 85' lang='lat'>193.194</span> <span class='ocrx_word' id='word_1_5' title='bbox 1491 644 1784 704; x_wconf 81' lang='lat' dir='ltr'><strong>cohaeret</strong></span> <span class='ocrx_word' id='word_1_6' title='bbox 1825 663 1962 704; x_wconf 90' lang='lat' dir='ltr'>cum</span> <span class='ocrx_word' id='word_1_7' title='bbox 1997 646 2140 705; x_wconf 90' lang='lat' dir='ltr'>folio</span> <span class='ocrx_word' id='word_1_8' title='bbox 2180 649 2318 708; x_wconf 82' lang='lat'>195.</span> <span class='ocrx_word' id='word_1_9' title='bbox 2355 650 2495 708; x_wconf 88' lang='lat'>196.</span> <span class='ocrx_word' id='word_1_10' title='bbox 2543 649 2596 705; x_wconf 92' lang='lat' dir='ltr'>si</span> <span class='ocrx_word' id='word_1_11' title='bbox 2624 648 2825 724; x_wconf 88' lang='lat' dir='ltr'>igitur,</span> 
     </span>
     <span class='ocr_line' id='line_1_3' title="bbox 527 744 2825 826; baseline 0.003 -27"><span class='ocrx_word' id='word_1_12' title='bbox 527 750 597 800; x_wconf 93' lang='lat' dir='ltr'>ut</span> <span class='ocrx_word' id='word_1_13' title='bbox 641 752 936 819; x_wconf 90' lang='lat' dir='ltr'>quantum</span> <span class='ocrx_word' id='word_1_14' title='bbox 979 744 1137 801; x_wconf 89' lang='lat' dir='ltr'>inter</span> <span class='ocrx_word' id='word_1_15' title='bbox 1177 745 1432 820; x_wconf 83' lang='lat' dir='ltr'>paginas</span> <span class='ocrx_word' id='word_1_16' title='bbox 1481 748 1601 806; x_wconf 89' lang='lat'>194</span> <span class='ocrx_word' id='word_1_17' title='bbox 1648 754 1711 804; x_wconf 90' lang='lat' dir='ltr'>et</span> <span class='ocrx_word' id='word_1_18' title='bbox 1762 747 1876 806; x_wconf 88' lang='lat'>195</span> <span class='ocrx_word' id='word_1_19' title='bbox 1938 747 2101 805; x_wconf 82' lang='lat' dir='ltr'><strong>desit</strong></span> <span class='ocrx_word' id='word_1_20' title='bbox 2146 765 2614 826; x_wconf 81' lang='lat' dir='ltr'>cognoscamuS‚</span> <span class='ocrx_word' id='word_1_21' title='bbox 2660 767 2825 807; x_wconf 90' lang='lat' dir='ltr'>com-</span> 
     </span>
     <span class='ocr_line' id='line_1_4' title="bbox 527 845 2823 924; baseline 0.003 -23"><span class='ocrx_word' id='word_1_22' title='bbox 527 851 839 919; x_wconf 88' lang='lat' dir='ltr'>ponuntur</span> <span class='ocrx_word' id='word_1_23' title='bbox 881 861 1041 918; x_wconf 88' lang='lat' dir='ltr'>quae</span> <span class='ocrx_word' id='word_1_24' title='bbox 1085 845 1295 904; x_wconf 90' lang='lat' dir='ltr'>ultima</span> <span class='ocrx_word' id='word_1_25' title='bbox 1341 854 1436 904; x_wconf 87' lang='lat' dir='ltr'>est</span> <span class='ocrx_word' id='word_1_26' title='bbox 1476 846 1538 903; x_wconf 91' lang='lat' dir='ltr'>in</span> <span class='ocrx_word' id='word_1_27' title='bbox 1574 864 1634 923; x_wconf 91' lang='lat' dir='ltr'>p.</span> <span class='ocrx_word' id='word_1_28' title='bbox 1685 848 1805 906; x_wconf 87' lang='grc'>194</span> <span class='ocrx_word' id='word_1_29' title='bbox 1849 847 2126 906; x_wconf 90' lang='lat' dir='ltr'>dodecas</span> <span class='ocrx_word' id='word_1_30' title='bbox 2175 850 2250 906; x_wconf 88' lang='lat'>13</span> <span class='ocrx_word' id='word_1_31' title='bbox 2299 866 2437 906; x_wconf 90' lang='lat' dir='ltr'>cum</span> <span class='ocrx_word' id='word_1_32' title='bbox 2482 848 2676 924; x_wconf 89' lang='lat' dir='ltr'>prima</span> <span class='ocrx_word' id='word_1_33' title='bbox 2718 867 2823 924; x_wconf 91' lang='lat' dir='ltr'>pa·</span> 
     </span>
     <span class='ocr_line' id='line_1_5' title="bbox 529 939 2827 1031; baseline 0.002 -30"><span class='ocrx_word' id='word_1_34' title='bbox 529 944 711 1019; x_wconf 88' lang='lat' dir='ltr'>ginae</span> <span class='ocrx_word' id='word_1_35' title='bbox 757 946 876 1005; x_wconf 89' lang='lat'>195</span> <span class='ocrx_word' id='word_1_36' title='bbox 924 939 1077 1023; x_wconf 83' lang='lat'>(14),</span> <span class='ocrx_word' id='word_1_37' title='bbox 1125 956 1379 1022; x_wconf 89' lang='lat' dir='ltr'>apparet</span> <span class='ocrx_word' id='word_1_38' title='bbox 1421 948 1581 1005; x_wconf 88' lang='lat' dir='ltr'>inter</span> <span class='ocrx_word' id='word_1_39' title='bbox 1623 948 1984 1007; x_wconf 81' lang='lat' dir='ltr'>dodecades</span> <span class='ocrx_word' id='word_1_40' title='bbox 2032 950 2111 1008; x_wconf 84' lang='lat'>13</span> <span class='ocrx_word' id='word_1_41' title='bbox 2157 958 2221 1007; x_wconf 89' lang='lat' dir='ltr'>et</span> <span class='ocrx_word' id='word_1_42' title='bbox 2255 951 2330 1009; x_wconf 94' lang='grc'>14</span> <span class='ocrx_word' id='word_1_43' title='bbox 2377 955 2673 1031; x_wconf 84' lang='lat' dir='ltr'>quattuor</span> <span class='ocrx_word' id='word_1_44' title='bbox 2716 949 2827 1006; x_wconf 90' lang='lat' dir='ltr'>de-</span> 
     </span>
     <span class='ocr_line' id='line_1_6' title="bbox 529 1046 2823 1126; baseline 0.002 -24"><span class='ocrx_word' id='word_1_45' title='bbox 529 1046 783 1104; x_wconf 89' lang='lat' dir='ltr'>siderari</span> <span class='ocrx_word' id='word_1_46' title='bbox 827 1046 1199 1118; x_wconf 80' lang='lat' dir='ltr'>dodecadeS,</span> <span class='ocrx_word' id='word_1_47' title='bbox 1243 1049 1622 1107; x_wconf 85' lang='lat' dir='ltr'>intercidisse</span> <span class='ocrx_word' id='word_1_48' title='bbox 1666 1050 1865 1126; x_wconf 87' lang='lat' dir='ltr'>igitur,</span> <span class='ocrx_word' id='word_1_49' title='bbox 1913 1069 2051 1109; x_wconf 91' lang='lat' dir='ltr'>cum</span> <span class='ocrx_word' id='word_1_50' title='bbox 2093 1050 2437 1109; x_wconf 83' lang='lat' dir='ltr'>dodecadis</span> <span class='ocrx_word' id='word_1_51' title='bbox 2486 1051 2563 1110; x_wconf 89' lang='lat'>14</span> <span class='ocrx_word' id='word_1_52' title='bbox 2612 1058 2823 1126; x_wconf 88' lang='lat' dir='ltr'>poste·</span> 
     </span>
     <span class='ocr_line' id='line_1_7' title="bbox 528 1147 2825 1227; baseline 0.002 -23"><span class='ocrx_word' id='word_1_53' title='bbox 528 1147 651 1205; x_wconf 92' lang='lat' dir='ltr'>rior</span> <span class='ocrx_word' id='word_1_54' title='bbox 692 1156 932 1208; x_wconf 89' lang='lat' dir='ltr'>tantum</span> <span class='ocrx_word' id='word_1_55' title='bbox 988 1167 1129 1226; x_wconf 89' lang='lat' dir='ltr'>pars</span> <span class='ocrx_word' id='word_1_56' title='bbox 1183 1151 1411 1227; x_wconf 89' lang='lat' dir='ltr'>pagina</span> <span class='ocrx_word' id='word_1_57' title='bbox 1469 1151 1584 1211; x_wconf 81' lang='lat'>195</span> <span class='ocrx_word' id='word_1_58' title='bbox 1651 1152 2057 1226; x_wconf 90' lang='lat' dir='ltr'>contineatur,</span> <span class='ocrx_word' id='word_1_59' title='bbox 2113 1161 2405 1227; x_wconf 90' lang='lat' dir='ltr'>quattuor</span> <span class='ocrx_word' id='word_1_60' title='bbox 2462 1152 2825 1210; x_wconf 86' lang='lat' dir='ltr'>dodecades</span> 
     </span>
     <span class='ocr_line' id='line_1_8' title="bbox 530 1250 970 1309; baseline 0.007 -4"><span class='ocrx_word' id='word_1_61' title='bbox 530 1258 594 1307; x_wconf 91' lang='lat' dir='ltr'>et</span> <span class='ocrx_word' id='word_1_62' title='bbox 637 1250 970 1309; x_wconf 86' lang='lat' dir='ltr'>dimidiam.</span> 
     </span>
    </p>

    <p class='ocr_par' dir='ltr' id='par_1_3' title="bbox 532 1349 2828 1534">
     <span class='ocr_line' id='line_1_9' title="bbox 725 1349 2828 1432; baseline 0.002 -22"><span class='ocrx_word' id='word_1_63' title='bbox 725 1352 943 1429; x_wconf 88' lang='lat' dir='ltr'>Itaque</span> <span class='ocrx_word' id='word_1_64' title='bbox 974 1354 1303 1412; x_wconf 86' lang='lat' dir='ltr'>restituitur</span> <span class='ocrx_word' id='word_1_65' title='bbox 1345 1354 1501 1412; x_wconf 89' lang='lat' dir='ltr'>haec</span> <span class='ocrx_word' id='word_1_66' title='bbox 1544 1356 1758 1416; x_wconf 87' lang='lat' dir='ltr'>series:</span> <span class='ocrx_word' id='word_1_67' title='bbox 1804 1374 1863 1432; x_wconf 89' lang='lat' dir='ltr'>p.</span> <span class='ocrx_word' id='word_1_68' title='bbox 1892 1358 2009 1416; x_wconf 88' lang='grc'>207</span> <span class='ocrx_word' id='word_1_69' title='bbox 2044 1358 2127 1414; x_wconf 90' lang='lat' dir='ltr'>ad</span> <span class='ocrx_word' id='word_1_70' title='bbox 2173 1357 2296 1416; x_wconf 83' lang='lat'>214</span> <span class='ocrx_word' id='word_1_71' title='bbox 2347 1364 2408 1418; x_wconf 72' lang='lat' dir='ltr'>-l-</span> <span class='ocrx_word' id='word_1_72' title='bbox 2441 1353 2481 1432; x_wconf 62' lang='grc' dir='ltr'>Ξ</span> <span class='ocrx_word' id='word_1_73' title='bbox 2519 1362 2579 1415; x_wconf 69' lang='lat' dir='ltr'>-l-</span> <span class='ocrx_word' id='word_1_74' title='bbox 2616 1355 2653 1412; x_wconf 90' lang='grc'><strong>9</strong></span> <span class='ocrx_word' id='word_1_75' title='bbox 2696 1358 2753 1414; x_wconf 86' lang='lat' dir='ltr'>-l-</span> <span class='ocrx_word' id='word_1_76' title='bbox 2783 1349 2828 1428; x_wconf 57' lang='lat'>{3—</span> 
     </span>
     <span class='ocr_line' id='line_1_10' title="bbox 532 1453 2826 1534; baseline 0 -24"><span class='ocrx_word' id='word_1_77' title='bbox 532 1453 893 1512; x_wconf 87' lang='lat' dir='ltr'>dodecades</span> <span class='ocrx_word' id='word_1_78' title='bbox 948 1459 1011 1521; x_wconf 60' lang='grc' dir='ltr'>-ι-</span> <span class='ocrx_word' id='word_1_79' title='bbox 1053 1474 1112 1531; x_wconf 92' lang='lat' dir='ltr'>p.</span> <span class='ocrx_word' id='word_1_80' title='bbox 1164 1458 1300 1516; x_wconf 91' lang='grc'><strong>193.</strong></span> <span class='ocrx_word' id='word_1_81' title='bbox 1351 1458 1469 1516; x_wconf 91' lang='grc'>194</span> <span class='ocrx_word' id='word_1_82' title='bbox 1507 1465 1566 1516; x_wconf 70' lang='lat'>4-</span> <span class='ocrx_word' id='word_1_83' title='bbox 1600 1461 1638 1515; x_wconf 88' lang='lat'>4</span> <span class='ocrx_word' id='word_1_84' title='bbox 1677 1466 1736 1517; x_wconf 71' lang='lat' dir='ltr'>-l-</span> <span class='ocrx_word' id='word_1_85' title='bbox 1775 1456 1813 1534; x_wconf 51' lang='grc' dir='ltr'>ᾗ.</span> <span class='ocrx_word' id='word_1_86' title='bbox 1865 1458 2228 1515; x_wconf 87' lang='lat' dir='ltr'>dodecades</span> <span class='ocrx_word' id='word_1_87' title='bbox 2282 1467 2341 1516; x_wconf 71' lang='lat'>4-</span> <span class='ocrx_word' id='word_1_88' title='bbox 2399 1474 2458 1531; x_wconf 94' lang='lat' dir='ltr'>p.</span> <span class='ocrx_word' id='word_1_89' title='bbox 2507 1457 2643 1515; x_wconf 85' lang='lat'>195.</span> <span class='ocrx_word' id='word_1_90' title='bbox 2685 1456 2826 1527; x_wconf 87' lang='grc'><strong>196,</strong></span> 
     </span>
    </p>
   </div>
   <div class='ocr_carea' id='block_1_3' title="bbox 531 1556 2912 1627">
    <p class='ocr_par' dir='ltr' id='par_1_4' title="bbox 531 1556 2912 1627">
     <span class='ocr_line' id='line_1_11' title="bbox 531 1556 2912 1627; baseline -0 -15"><span class='ocrx_word' id='word_1_91' title='bbox 531 1558 630 1614; x_wconf 91' lang='lat' dir='ltr'>uel</span> <span class='ocrx_word' id='word_1_92' title='bbox 674 1558 815 1614; x_wconf 85' lang='lat' dir='ltr'>c&#39;um</span> <span class='ocrx_word' id='word_1_93' title='bbox 842 1575 982 1627; x_wconf 55' lang='lat' dir='ltr'>,uno</span> <span class='ocrx_word' id='word_1_94' title='bbox 1027 1557 1173 1615; x_wconf 90' lang='lat' dir='ltr'>folio</span> <span class='ocrx_word' id='word_1_95' title='bbox 1218 1558 1381 1615; x_wconf 90' lang='lat' dir='ltr'>duae</span> <span class='ocrx_word' id='word_1_96' title='bbox 1414 1557 1541 1615; x_wconf 87' lang='lat' dir='ltr'>fere</span> <span class='ocrx_word' id='word_1_97' title='bbox 1577 1567 1641 1617; x_wconf 91' lang='lat' dir='ltr'>et</span> <span class='ocrx_word' id='word_1_98' title='bbox 1667 1559 1922 1617; x_wconf 88' lang='lat' dir='ltr'>dimidia</span> <span class='ocrx_word' id='word_1_99' title='bbox 1965 1558 2397 1617; x_wconf 89' lang='lat' dir='ltr'>contineantur</span> <span class='ocrx_word' id='word_1_100' title='bbox 2428 1556 2823 1616; x_wconf 88' lang='lat' dir='ltr'>dodecades:</span> <span class='ocrx_word' id='word_1_101' title='bbox 2907 1568 2912 1571; x_wconf 79' lang='grc'><em>“</em></span> 
     </span>
    </p>
   </div>
   <div class='ocr_carea' id='block_1_4' title="bbox 531 1656 2827 1734">
    <p class='ocr_par' dir='ltr' id='par_1_5' title="bbox 531 1656 2827 1734">
     <span class='ocr_line' id='line_1_12' title="bbox 531 1656 2827 1734; baseline -0.001 -16"><span class='ocrx_word' id='word_1_102' title='bbox 531 1675 590 1732; x_wconf 87' lang='lat' dir='ltr'>p.</span> <span class='ocrx_word' id='word_1_103' title='bbox 617 1658 946 1717; x_wconf 83' lang='lat'>207—214</span> <span class='ocrx_word' id='word_1_104' title='bbox 977 1666 1038 1720; x_wconf 68' lang='lat' dir='ltr'>-l-</span> <span class='ocrx_word' id='word_1_105' title='bbox 1077 1661 1116 1718; x_wconf 89' lang='lat'>4</span> <span class='ocrx_word' id='word_1_106' title='bbox 1140 1658 1284 1717; x_wconf 88' lang='lat' dir='ltr'>folia</span> <span class='ocrx_word' id='word_1_107' title='bbox 1318 1666 1378 1719; x_wconf 87' lang='grc' dir='ltr'>-Ι-</span> <span class='ocrx_word' id='word_1_108' title='bbox 1411 1677 1468 1734; x_wconf 91' lang='lat' dir='ltr'>p.</span> <span class='ocrx_word' id='word_1_109' title='bbox 1494 1661 1632 1719; x_wconf 84' lang='lat'>193.</span> <span class='ocrx_word' id='word_1_110' title='bbox 1663 1661 1782 1719; x_wconf 88' lang='lat'>194</span> <span class='ocrx_word' id='word_1_111' title='bbox 1826 1671 1876 1720; x_wconf 57' lang='grc'>4-</span> <span class='ocrx_word' id='word_1_112' title='bbox 1915 1662 1951 1719; x_wconf 98' lang='grc'><strong>2</strong></span> <span class='ocrx_word' id='word_1_113' title='bbox 1977 1659 2123 1717; x_wconf 87' lang='lat' dir='ltr'>folia</span> <span class='ocrx_word' id='word_1_114' title='bbox 2150 1664 2213 1727; x_wconf 73' lang='lat' dir='ltr'>-l-</span> <span class='ocrx_word' id='word_1_115' title='bbox 2245 1678 2303 1734; x_wconf 91' lang='lat' dir='ltr'>p.</span> <span class='ocrx_word' id='word_1_116' title='bbox 2333 1660 2471 1719; x_wconf 80' lang='lat'>195.</span> <span class='ocrx_word' id='word_1_117' title='bbox 2502 1660 2634 1718; x_wconf 85' lang='grc'><strong>196.</strong></span> <span class='ocrx_word' id='word_1_118' title='bbox 2682 1656 2827 1715; x_wconf 87' lang='lat' dir='ltr'>folia</span> 
     </span>
    </p>
   </div>
   <div class='ocr_carea' id='block_1_5' title="bbox 531 1759 2829 2041">
    <p class='ocr_par' dir='ltr' id='par_1_6' title="bbox 531 1759 2829 2041">
     <span class='ocr_line' id='line_1_13' title="bbox 531 1759 2819 1837; baseline -0.002 -19"><span class='ocrx_word' id='word_1_119' title='bbox 531 1761 630 1819; x_wconf 88' lang='lat' dir='ltr'>illa</span> <span class='ocrx_word' id='word_1_120' title='bbox 671 1761 796 1820; x_wconf 92' lang='lat' dir='ltr'>duo</span> <span class='ocrx_word' id='word_1_121' title='bbox 842 1778 1002 1837; x_wconf 86' lang='lat' dir='ltr'>quae</span> <span class='ocrx_word' id='word_1_122' title='bbox 1046 1762 1205 1821; x_wconf 89' lang='lat' dir='ltr'>inter</span> <span class='ocrx_word' id='word_1_123' title='bbox 1247 1781 1304 1837; x_wconf 92' lang='lat' dir='ltr'>p.</span> <span class='ocrx_word' id='word_1_124' title='bbox 1331 1765 1450 1823; x_wconf 87' lang='lat'>194</span> <span class='ocrx_word' id='word_1_125' title='bbox 1491 1771 1553 1821; x_wconf 90' lang='lat' dir='ltr'>et</span> <span class='ocrx_word' id='word_1_126' title='bbox 1602 1764 1721 1822; x_wconf 85' lang='lat'>195</span> <span class='ocrx_word' id='word_1_127' title='bbox 1768 1772 1961 1832; x_wconf 90' lang='lat' dir='ltr'>erant,</span> <span class='ocrx_word' id='word_1_128' title='bbox 2004 1763 2162 1820; x_wconf 86' lang='lat' dir='ltr'>inter</span> <span class='ocrx_word' id='word_1_129' title='bbox 2206 1779 2272 1819; x_wconf 91' lang='lat' dir='ltr'>se</span> <span class='ocrx_word' id='word_1_130' title='bbox 2314 1759 2666 1819; x_wconf 86' lang='lat' dir='ltr'>cohaesisse</span> <span class='ocrx_word' id='word_1_131' title='bbox 2711 1775 2819 1816; x_wconf 88' lang='lat' dir='ltr'>ne·</span> 
     </span>
     <span class='ocr_line' id='line_1_14' title="bbox 531 1861 2823 1937; baseline -0.001 -17"><span class='ocrx_word' id='word_1_132' title='bbox 531 1880 705 1920; x_wconf 88' lang='lat' dir='ltr'>cesse</span> <span class='ocrx_word' id='word_1_133' title='bbox 762 1871 858 1921; x_wconf 90' lang='lat' dir='ltr'>est</span> <span class='ocrx_word' id='word_1_134' title='bbox 912 1871 976 1920; x_wconf 89' lang='lat' dir='ltr'>et</span> <span class='ocrx_word' id='word_1_135' title='bbox 1026 1863 1253 1921; x_wconf 49' lang='lat' dir='ltr'>media¹</span> <span class='ocrx_word' id='word_1_136' title='bbox 1289 1862 1475 1922; x_wconf 87' lang='lat' dir='ltr'>fuisse</span> <span class='ocrx_word' id='word_1_137' title='bbox 1520 1864 1717 1937; x_wconf 86' lang='lat' dir='ltr'>libelli,</span> <span class='ocrx_word' id='word_1_138' title='bbox 1770 1864 1936 1921; x_wconf 46' lang='lat' dir='ltr'>sitem</span> <span class='ocrx_word' id='word_1_139' title='bbox 1996 1862 2143 1922; x_wconf 90' lang='lat' dir='ltr'>folia</span> <span class='ocrx_word' id='word_1_140' title='bbox 2196 1864 2335 1922; x_wconf 87' lang='grc'><strong>209.</strong></span> <span class='ocrx_word' id='word_1_141' title='bbox 2381 1863 2506 1921; x_wconf 87' lang='grc'>210</span> <span class='ocrx_word' id='word_1_142' title='bbox 2571 1869 2635 1917; x_wconf 80' lang='lat' dir='ltr'>et</span> <span class='ocrx_word' id='word_1_143' title='bbox 2682 1861 2823 1918; x_wconf 92' lang='grc'><strong>211.</strong></span> 
     </span>
     <span class='ocr_line' id='line_1_15' title="bbox 534 1962 2829 2041; baseline -0.002 -18"><span class='ocrx_word' id='word_1_144' title='bbox 534 1965 655 2024; x_wconf 89' lang='grc'><strong>212</strong></span> <span class='ocrx_word' id='word_1_145' title='bbox 703 1972 845 2022; x_wconf 87' lang='lat' dir='ltr'>sunt</span> <span class='ocrx_word' id='word_1_146' title='bbox 865 1965 1096 2037; x_wconf 86' lang='lat' dir='ltr'>media;</span> <span class='ocrx_word' id='word_1_147' title='bbox 1141 1965 1470 2024; x_wconf 89' lang='lat' dir='ltr'>exstabant</span> <span class='ocrx_word' id='word_1_148' title='bbox 1501 1966 1683 2041; x_wconf 88' lang='lat' dir='ltr'>igitur</span> <span class='ocrx_word' id='word_1_149' title='bbox 1712 1966 1856 2023; x_wconf 91' lang='lat' dir='ltr'>olim</span> <span class='ocrx_word' id='word_1_150' title='bbox 1887 1984 1924 2023; x_wconf 89' lang='lat' dir='ltr'>a</span> <span class='ocrx_word' id='word_1_151' title='bbox 1961 1965 2169 2023; x_wconf 88' lang='lat' dir='ltr'>medio</span> <span class='ocrx_word' id='word_1_152' title='bbox 2202 1964 2402 2022; x_wconf 90' lang='lat' dir='ltr'>libello</span> <span class='ocrx_word' id='word_1_153' title='bbox 2435 1965 2517 2020; x_wconf 92' lang='lat' dir='ltr'>ad</span> <span class='ocrx_word' id='word_1_154' title='bbox 2556 1962 2829 2020; x_wconf 89' lang='lat' dir='ltr'>medium</span> 
     </span>
    </p>
   </div>
   <div class='ocr_carea' id='block_1_6' title="bbox 532 2063 2918 2143">
    <p class='ocr_par' dir='ltr' id='par_1_7' title="bbox 532 2063 2918 2143">
     <span class='ocr_line' id='line_1_16' title="bbox 532 2063 2918 2143; baseline -0 -21"><span class='ocrx_word' id='word_1_155' title='bbox 532 2073 677 2123; x_wconf 93' lang='lat' dir='ltr'>octo</span> <span class='ocrx_word' id='word_1_156' title='bbox 720 2064 885 2134; x_wconf 89' lang='lat' dir='ltr'>folia,</span> <span class='ocrx_word' id='word_1_157' title='bbox 947 2066 983 2124; x_wconf 92' lang='lat' dir='ltr'>i.</span> <span class='ocrx_word' id='word_1_158' title='bbox 1032 2084 1086 2125; x_wconf 90' lang='lat' dir='ltr'>e.</span> <span class='ocrx_word' id='word_1_159' title='bbox 1147 2067 1434 2142; x_wconf 90' lang='lat' dir='ltr'>pristinus</span> <span class='ocrx_word' id='word_1_160' title='bbox 1503 2067 1654 2125; x_wconf 91' lang='lat' dir='ltr'>liber</span> <span class='ocrx_word' id='word_1_161' title='bbox 1705 2069 2082 2143; x_wconf 89' lang='lat' dir='ltr'>compositus</span> <span class='ocrx_word' id='word_1_162' title='bbox 2139 2066 2249 2124; x_wconf 84' lang='lat' dir='ltr'>fuit</span> <span class='ocrx_word' id='word_1_163' title='bbox 2305 2063 2826 2142; x_wconf 80' lang='lat' dir='ltr'>quaternionibus,</span> <span class='ocrx_word' id='word_1_164' title='bbox 2873 2064 2918 2107; x_wconf 80' lang='lat'>·&#39;</span> 
     </span>
    </p>
   </div>
   <div class='ocr_carea' id='block_1_7' title="bbox 532 2165 2861 3058">
    <p class='ocr_par' dir='ltr' id='par_1_8' title="bbox 532 2165 2861 2955">
     <span class='ocr_line' id='line_1_17' title="bbox 533 2165 2829 2245; baseline -0.001 -22"><span class='ocrx_word' id='word_1_165' title='bbox 533 2166 761 2224; x_wconf 88' lang='lat' dir='ltr'>desunt</span> <span class='ocrx_word' id='word_1_166' title='bbox 806 2184 953 2224; x_wconf 91' lang='lat' dir='ltr'>uero</span> <span class='ocrx_word' id='word_1_167' title='bbox 997 2167 1184 2226; x_wconf 89' lang='lat' dir='ltr'>hodie</span> <span class='ocrx_word' id='word_1_168' title='bbox 1229 2169 1648 2243; x_wconf 87' lang='lat' dir='ltr'>quaternionis</span> <span class='ocrx_word' id='word_1_169' title='bbox 1700 2169 1876 2245; x_wconf 91' lang='lat' dir='ltr'>primi</span> <span class='ocrx_word' id='word_1_170' title='bbox 1934 2168 2076 2227; x_wconf 88' lang='lat' dir='ltr'>folia</span> <span class='ocrx_word' id='word_1_171' title='bbox 2121 2168 2248 2226; x_wconf 91' lang='lat' dir='ltr'>duo</span> <span class='ocrx_word' id='word_1_172' title='bbox 2292 2166 2505 2243; x_wconf 88' lang='lat' dir='ltr'>prima,</span> <span class='ocrx_word' id='word_1_173' title='bbox 2550 2165 2677 2222; x_wconf 90' lang='lat' dir='ltr'>duo</span> <span class='ocrx_word' id='word_1_174' title='bbox 2723 2183 2829 2222; x_wconf 81' lang='lat' dir='ltr'>ex-</span> 
     </span>
     <span class='ocr_line' id='line_1_18' title="bbox 534 2267 2827 2345; baseline -0 -21"><span class='ocrx_word' id='word_1_175' title='bbox 534 2276 743 2345; x_wconf 82' lang='lat' dir='ltr'>trema,</span> <span class='ocrx_word' id='word_1_176' title='bbox 789 2269 1205 2343; x_wconf 84' lang='lat' dir='ltr'>quaternionis</span> <span class='ocrx_word' id='word_1_177' title='bbox 1260 2271 1504 2329; x_wconf 85' lang='lat' dir='ltr'>alterius</span> <span class='ocrx_word' id='word_1_178' title='bbox 1557 2270 1705 2329; x_wconf 91' lang='lat' dir='ltr'>folia</span> <span class='ocrx_word' id='word_1_179' title='bbox 1749 2271 1876 2329; x_wconf 93' lang='lat' dir='ltr'>duo</span> <span class='ocrx_word' id='word_1_180' title='bbox 1921 2271 2129 2345; x_wconf 88' lang='lat' dir='ltr'>prima,</span> <span class='ocrx_word' id='word_1_181' title='bbox 2192 2270 2319 2326; x_wconf 90' lang='lat' dir='ltr'>duo</span> <span class='ocrx_word' id='word_1_182' title='bbox 2363 2275 2652 2340; x_wconf 87' lang='lat' dir='ltr'>extrema,</span> <span class='ocrx_word' id='word_1_183' title='bbox 2703 2267 2827 2324; x_wconf 91' lang='lat' dir='ltr'>duo</span> 
     </span>
     <span class='ocr_line' id='line_1_19' title="bbox 532 2368 2828 2446; baseline -0 -20"><span class='ocrx_word' id='word_1_184' title='bbox 532 2368 754 2428; x_wconf 88' lang='lat' dir='ltr'>media.</span> <span class='ocrx_word' id='word_1_185' title='bbox 799 2388 944 2427; x_wconf 89' lang='lat' dir='ltr'>nam</span> <span class='ocrx_word' id='word_1_186' title='bbox 988 2371 1155 2429; x_wconf 90' lang='lat' dir='ltr'>nulla</span> <span class='ocrx_word' id='word_1_187' title='bbox 1190 2371 1308 2428; x_wconf 89' lang='lat' dir='ltr'>alia</span> <span class='ocrx_word' id='word_1_188' title='bbox 1354 2370 1699 2446; x_wconf 87' lang='lat' dir='ltr'>fragmenta</span> <span class='ocrx_word' id='word_1_189' title='bbox 1742 2372 1833 2429; x_wconf 93' lang='lat' dir='ltr'>his</span> <span class='ocrx_word' id='word_1_190' title='bbox 1880 2370 2382 2446; x_wconf 87' lang='lat' dir='ltr'>quaternionibus</span> <span class='ocrx_word' id='word_1_191' title='bbox 2439 2369 2828 2427; x_wconf 89' lang='lat' dir='ltr'>attribuenda</span> 
     </span>
     <span class='ocr_line' id='line_1_20' title="bbox 532 2470 2827 2546; baseline -0.001 -19"><span class='ocrx_word' id='word_1_192' title='bbox 532 2487 673 2527; x_wconf 90' lang='lat' dir='ltr'>esse</span> <span class='ocrx_word' id='word_1_193' title='bbox 713 2470 862 2528; x_wconf 90' lang='lat' dir='ltr'>inde</span> <span class='ocrx_word' id='word_1_194' title='bbox 911 2470 1318 2543; x_wconf 89' lang='lat' dir='ltr'>concluditur,</span> <span class='ocrx_word' id='word_1_195' title='bbox 1374 2472 1544 2546; x_wconf 90' lang='lat' dir='ltr'>quod</span> <span class='ocrx_word' id='word_1_196' title='bbox 1589 2490 1730 2530; x_wconf 90' lang='lat' dir='ltr'>cum</span> <span class='ocrx_word' id='word_1_197' title='bbox 1774 2472 1940 2530; x_wconf 90' lang='lat' dir='ltr'>nulla</span> <span class='ocrx_word' id='word_1_198' title='bbox 1993 2489 2133 2529; x_wconf 90' lang='lat' dir='ltr'>cum</span> <span class='ocrx_word' id='word_1_199' title='bbox 2176 2471 2435 2529; x_wconf 88' lang='lat' dir='ltr'>seruatis</span> <span class='ocrx_word' id='word_1_200' title='bbox 2480 2486 2693 2527; x_wconf 85' lang='lat' dir='ltr'>eorum</span> <span class='ocrx_word' id='word_1_201' title='bbox 2736 2486 2827 2526; x_wconf 86' lang='lat' dir='ltr'>re·</span> 
     </span>
     <span class='ocr_line' id='line_1_21' title="bbox 533 2570 2832 2649; baseline 0 -21"><span class='ocrx_word' id='word_1_202' title='bbox 533 2570 727 2647; x_wconf 91' lang='lat' dir='ltr'>liquiis</span> <span class='ocrx_word' id='word_1_203' title='bbox 782 2589 856 2628; x_wconf 88' lang='lat' dir='ltr'>ex</span> <span class='ocrx_word' id='word_1_204' title='bbox 910 2589 1345 2647; x_wconf 89' lang='lat' dir='ltr'>responsorum</span> <span class='ocrx_word' id='word_1_205' title='bbox 1405 2591 1713 2632; x_wconf 88' lang='lat' dir='ltr'>consensu</span> <span class='ocrx_word' id='word_1_206' title='bbox 1768 2574 2050 2649; x_wconf 86' lang='lat' dir='ltr'>coniungi</span> <span class='ocrx_word' id='word_1_207' title='bbox 2094 2571 2353 2649; x_wconf 91' lang='lat' dir='ltr'>possint,</span> <span class='ocrx_word' id='word_1_208' title='bbox 2408 2571 2614 2629; x_wconf 90' lang='lat' dir='ltr'>omnia</span> <span class='ocrx_word' id='word_1_209' title='bbox 2674 2573 2832 2629; x_wconf 88' lang='lat' dir='ltr'>duo-</span> 
     </span>
     <span class='ocr_line' id='line_1_22' title="bbox 534 2674 2861 2752; baseline -0.002 -19"><span class='ocrx_word' id='word_1_210' title='bbox 534 2674 737 2733; x_wconf 88' lang='lat' dir='ltr'>decim</span> <span class='ocrx_word' id='word_1_211' title='bbox 782 2675 1209 2733; x_wconf 87' lang='lat' dir='ltr'>dodecadibus</span> <span class='ocrx_word' id='word_1_212' title='bbox 1258 2685 1362 2734; x_wconf 91' lang='lat' dir='ltr'>aut</span> <span class='ocrx_word' id='word_1_213' title='bbox 1406 2677 1677 2752; x_wconf 89' lang='lat' dir='ltr'>pluribus</span> <span class='ocrx_word' id='word_1_214' title='bbox 1723 2694 1759 2734; x_wconf 91' lang='lat' dir='ltr'>a</span> <span class='ocrx_word' id='word_1_215' title='bbox 1802 2696 1861 2752; x_wconf 90' lang='lat' dir='ltr'>p.</span> <span class='ocrx_word' id='word_1_216' title='bbox 1889 2678 2007 2735; x_wconf 85' lang='grc'>207</span> <span class='ocrx_word' id='word_1_217' title='bbox 2035 2684 2097 2733; x_wconf 90' lang='lat' dir='ltr'>et</span> <span class='ocrx_word' id='word_1_218' title='bbox 2125 2677 2243 2735; x_wconf 89' lang='grc'>196</span> <span class='ocrx_word' id='word_1_219' title='bbox 2291 2675 2524 2732; x_wconf 88' lang='lat' dir='ltr'>distare</span> <span class='ocrx_word' id='word_1_220' title='bbox 2568 2690 2861 2731; x_wconf 89' lang='lat' dir='ltr'>necesse·</span> 
     </span>
     <span class='ocr_line' id='line_1_23' title="bbox 535 2775 2827 2846; baseline -0.002 -12"><span class='ocrx_word' id='word_1_221' title='bbox 535 2777 666 2846; x_wconf 83' lang='lat' dir='ltr'>suit,</span> <span class='ocrx_word' id='word_1_222' title='bbox 725 2778 1057 2835; x_wconf 89' lang='lat' dir='ltr'>duodecim</span> <span class='ocrx_word' id='word_1_223' title='bbox 1121 2788 1328 2836; x_wconf 89' lang='lat' dir='ltr'>autem</span> <span class='ocrx_word' id='word_1_224' title='bbox 1375 2779 1735 2837; x_wconf 88' lang='lat' dir='ltr'>dodecades</span> <span class='ocrx_word' id='word_1_225' title='bbox 1799 2778 2041 2836; x_wconf 88' lang='lat' dir='ltr'>duobus</span> <span class='ocrx_word' id='word_1_226' title='bbox 2110 2777 2267 2834; x_wconf 85' lang='lat' dir='ltr'>foliis</span> <span class='ocrx_word' id='word_1_227' title='bbox 2342 2775 2638 2833; x_wconf 87' lang='lat' dir='ltr'>contineri</span> <span class='ocrx_word' id='word_1_228' title='bbox 2701 2792 2827 2831; x_wconf 91' lang='lat' dir='ltr'>non</span> 
     </span>
     <span class='ocr_line' id='line_1_24' title="bbox 532 2888 879 2955; baseline 0.009 -20"><span class='ocrx_word' id='word_1_229' title='bbox 532 2888 879 2955; x_wconf 89' lang='lat' dir='ltr'>potuerunt.</span> 
     </span>
    </p>

    <p class='ocr_par' dir='ltr' id='par_1_9' title="bbox 736 2976 2827 3058">
     <span class='ocr_line' id='line_1_25' title="bbox 736 2976 2827 3058; baseline -0.002 -20"><span class='ocrx_word' id='word_1_230' title='bbox 736 2981 930 3056; x_wconf 87' lang='lat' dir='ltr'>Supra</span> <span class='ocrx_word' id='word_1_231' title='bbox 973 2982 1205 3039; x_wconf 91' lang='lat' dir='ltr'>dictum</span> <span class='ocrx_word' id='word_1_232' title='bbox 1251 2990 1347 3040; x_wconf 90' lang='lat' dir='ltr'>est</span> <span class='ocrx_word' id='word_1_233' title='bbox 1402 2976 1488 3058; x_wconf 89' lang='lat' dir='ltr'>(p.</span> <span class='ocrx_word' id='word_1_234' title='bbox 1535 2983 1600 3053; x_wconf 89' lang='lat'>4)</span> <span class='ocrx_word' id='word_1_235' title='bbox 1658 2982 1831 3058; x_wconf 88' lang='lat' dir='ltr'>sequi</span> <span class='ocrx_word' id='word_1_236' title='bbox 1881 2983 2037 3040; x_wconf 89' lang='lat' dir='ltr'>inter</span> <span class='ocrx_word' id='word_1_237' title='bbox 2080 2998 2147 3038; x_wconf 92' lang='lat' dir='ltr'>se</span> <span class='ocrx_word' id='word_1_238' title='bbox 2193 2981 2450 3056; x_wconf 88' lang='lat' dir='ltr'>paginas</span> <span class='ocrx_word' id='word_1_239' title='bbox 2501 2980 2640 3037; x_wconf 91' lang='grc'><strong>197.</strong></span> <span class='ocrx_word' id='word_1_240' title='bbox 2694 2976 2827 3036; x_wconf 89' lang='grc'><strong>198.</strong></span> 
     </span>
    </p>
   </div>
   <div class='ocr_carea' id='block_1_8' title="bbox 423 3077 2934 3160">
    <p class='ocr_par' dir='ltr' id='par_1_10' title="bbox 423 3077 2934 3160">
     <span class='ocr_line' id='line_1_26' title="bbox 423 3077 2934 3160; baseline -0.004 -18"><span class='ocrx_word' id='word_1_241' title='bbox 423 3089 428 3093; x_wconf 75' lang='grc'><strong>”</strong></span> <span class='ocrx_word' id='word_1_242' title='bbox 540 3082 678 3142; x_wconf 89' lang='grc'><strong>191.</strong></span> <span class='ocrx_word' id='word_1_243' title='bbox 728 3085 876 3157; x_wconf 87' lang='grc'><strong>192;</strong></span> <span class='ocrx_word' id='word_1_244' title='bbox 928 3091 1089 3158; x_wconf 90' lang='lat' dir='ltr'>quae</span> <span class='ocrx_word' id='word_1_245' title='bbox 1144 3101 1283 3141; x_wconf 90' lang='lat' dir='ltr'>cum</span> <span class='ocrx_word' id='word_1_246' title='bbox 1328 3083 1715 3160; x_wconf 88' lang='lat' dir='ltr'>cohaereant,</span> <span class='ocrx_word' id='word_1_247' title='bbox 1771 3083 2030 3141; x_wconf 89' lang='lat' dir='ltr'>efficitur</span> <span class='ocrx_word' id='word_1_248' title='bbox 2070 3083 2279 3141; x_wconf 88' lang='lat' dir='ltr'>media</span> <span class='ocrx_word' id='word_1_249' title='bbox 2335 3082 2480 3138; x_wconf 89' lang='lat' dir='ltr'>olim</span> <span class='ocrx_word' id='word_1_250' title='bbox 2523 3099 2602 3138; x_wconf 87' lang='lat' dir='ltr'>ea</span> <span class='ocrx_word' id='word_1_251' title='bbox 2645 3077 2828 3135; x_wconf 87' lang='lat' dir='ltr'>fuisse</span> <span class='ocrx_word' id='word_1_252' title='bbox 2931 3116 2934 3120; x_wconf 60' lang='grc'><strong><em>«</em></strong></span> 
     </span>
    </p>
   </div>
   <div class='ocr_carea' id='block_1_9' title="bbox 461 3180 2835 4075">
    <p class='ocr_par' dir='ltr' id='par_1_11' title="bbox 538 3180 2830 3462">
     <span class='ocr_line' id='line_1_27' title="bbox 539 3180 2827 3259; baseline -0.003 -18"><span class='ocrx_word' id='word_1_253' title='bbox 539 3183 685 3242; x_wconf 89' lang='lat' dir='ltr'>folia</span> <span class='ocrx_word' id='word_1_254' title='bbox 741 3184 941 3244; x_wconf 90' lang='lat' dir='ltr'>libelli.</span> <span class='ocrx_word' id='word_1_255' title='bbox 996 3185 1387 3242; x_wconf 88' lang='lat' dir='ltr'>dodecadem</span> <span class='ocrx_word' id='word_1_256' title='bbox 1434 3187 1512 3244; x_wconf 88' lang='lat'>35</span> <span class='ocrx_word' id='word_1_257' title='bbox 1574 3182 1661 3259; x_wconf 88' lang='lat' dir='ltr'>(p.</span> <span class='ocrx_word' id='word_1_258' title='bbox 1713 3180 1856 3259; x_wconf 92' lang='grc'><strong>192)</strong></span> <span class='ocrx_word' id='word_1_259' title='bbox 1917 3192 2059 3259; x_wconf 92' lang='lat' dir='ltr'>post</span> <span class='ocrx_word' id='word_1_260' title='bbox 2120 3185 2380 3241; x_wconf 86' lang='lat' dir='ltr'>duarum</span> <span class='ocrx_word' id='word_1_261' title='bbox 2434 3180 2827 3238; x_wconf 88' lang='lat' dir='ltr'>dodecadum</span> 
     </span>
     <span class='ocr_line' id='line_1_28' title="bbox 538 3280 2827 3361; baseline -0.001 -21"><span class='ocrx_word' id='word_1_262' title='bbox 538 3285 821 3343; x_wconf 89' lang='lat' dir='ltr'>lacunam</span> <span class='ocrx_word' id='word_1_263' title='bbox 877 3284 1104 3359; x_wconf 87' lang='lat' dir='ltr'>excipit</span> <span class='ocrx_word' id='word_1_264' title='bbox 1145 3286 1420 3343; x_wconf 88' lang='lat' dir='ltr'>dodecas</span> <span class='ocrx_word' id='word_1_265' title='bbox 1465 3287 1544 3345; x_wconf 88' lang='lat'>36</span> <span class='ocrx_word' id='word_1_266' title='bbox 1603 3284 1692 3361; x_wconf 88' lang='lat' dir='ltr'>(p.</span> <span class='ocrx_word' id='word_1_267' title='bbox 1743 3280 1909 3361; x_wconf 91' lang='grc'><strong>189),</strong></span> <span class='ocrx_word' id='word_1_268' title='bbox 1967 3284 2335 3342; x_wconf 88' lang='lat' dir='ltr'>intercidere</span> <span class='ocrx_word' id='word_1_269' title='bbox 2379 3283 2538 3340; x_wconf 89' lang='lat' dir='ltr'>inter</span> <span class='ocrx_word' id='word_1_270' title='bbox 2602 3299 2660 3355; x_wconf 91' lang='lat' dir='ltr'>p.</span> <span class='ocrx_word' id='word_1_271' title='bbox 2709 3280 2827 3337; x_wconf 78' lang='lat'>192</span> 
     </span>
     <span class='ocr_line' id='line_1_29' title="bbox 539 3381 2830 3462; baseline -0.002 -19"><span class='ocrx_word' id='word_1_272' title='bbox 539 3394 601 3444; x_wconf 91' lang='lat' dir='ltr'>et</span> <span class='ocrx_word' id='word_1_273' title='bbox 648 3388 766 3446; x_wconf 90' lang='grc'>189</span> <span class='ocrx_word' id='word_1_274' title='bbox 811 3387 1017 3462; x_wconf 91' lang='lat' dir='ltr'>paullo</span> <span class='ocrx_word' id='word_1_275' title='bbox 1061 3386 1197 3461; x_wconf 89' lang='lat' dir='ltr'>plus</span> <span class='ocrx_word' id='word_1_276' title='bbox 1242 3386 1406 3444; x_wconf 89' lang='lat' dir='ltr'>duae</span> <span class='ocrx_word' id='word_1_277' title='bbox 1451 3394 1514 3444; x_wconf 87' lang='lat' dir='ltr'>et</span> <span class='ocrx_word' id='word_1_278' title='bbox 1559 3386 1816 3444; x_wconf 88' lang='lat' dir='ltr'>dimidia</span> <span class='ocrx_word' id='word_1_279' title='bbox 1847 3386 2207 3443; x_wconf 88' lang='lat' dir='ltr'>dodecades</span> <span class='ocrx_word' id='word_1_280' title='bbox 2253 3385 2351 3442; x_wconf 92' lang='lat' dir='ltr'>uel</span> <span class='ocrx_word' id='word_1_281' title='bbox 2382 3385 2572 3441; x_wconf 82' lang='lat' dir='ltr'>unum</span> <span class='ocrx_word' id='word_1_282' title='bbox 2604 3381 2830 3439; x_wconf 87' lang='lat' dir='ltr'>folium.</span> 
     </span>
    </p>

    <p class='ocr_par' dir='ltr' id='par_1_12' title="bbox 461 3484 2835 4075">
     <span class='ocr_line' id='line_1_30' title="bbox 736 3484 2827 3560; baseline -0.003 -16"><span class='ocrx_word' id='word_1_283' title='bbox 736 3485 1046 3545; x_wconf 88' lang='lat' dir='ltr'>Cohaeret</span> <span class='ocrx_word' id='word_1_284' title='bbox 1084 3505 1232 3544; x_wconf 91' lang='lat' dir='ltr'>uero</span> <span class='ocrx_word' id='word_1_285' title='bbox 1278 3504 1414 3545; x_wconf 89' lang='lat' dir='ltr'>cum</span> <span class='ocrx_word' id='word_1_286' title='bbox 1460 3486 1605 3545; x_wconf 90' lang='lat' dir='ltr'>folio</span> <span class='ocrx_word' id='word_1_287' title='bbox 1639 3488 1778 3547; x_wconf 89' lang='lat'>189.</span> <span class='ocrx_word' id='word_1_288' title='bbox 1816 3489 1937 3547; x_wconf 87' lang='lat'>190</span> <span class='ocrx_word' id='word_1_289' title='bbox 1982 3486 2193 3544; x_wconf 90' lang='lat' dir='ltr'>folium</span> <span class='ocrx_word' id='word_1_290' title='bbox 2244 3488 2376 3546; x_wconf 91' lang='grc'><strong>199.</strong></span> <span class='ocrx_word' id='word_1_291' title='bbox 2423 3487 2567 3560; x_wconf 84' lang='grc'><strong>200,</strong></span> <span class='ocrx_word' id='word_1_292' title='bbox 2611 3484 2674 3541; x_wconf 90' lang='lat' dir='ltr'>in</span> <span class='ocrx_word' id='word_1_293' title='bbox 2704 3499 2827 3557; x_wconf 90' lang='lat' dir='ltr'>quo</span> 
     </span>
     <span class='ocr_line' id='line_1_31' title="bbox 536 3585 2829 3664; baseline -0.002 -21"><span class='ocrx_word' id='word_1_294' title='bbox 536 3604 857 3663; x_wconf 89' lang='lat' dir='ltr'>peruersus</span> <span class='ocrx_word' id='word_1_295' title='bbox 890 3596 982 3646; x_wconf 91' lang='lat' dir='ltr'>est</span> <span class='ocrx_word' id='word_1_296' title='bbox 1011 3589 1163 3646; x_wconf 93' lang='lat' dir='ltr'>ordo</span> <span class='ocrx_word' id='word_1_297' title='bbox 1193 3588 1609 3647; x_wconf 87' lang='lat' dir='ltr'>dodecadum.</span> <span class='ocrx_word' id='word_1_298' title='bbox 1652 3588 1940 3664; x_wconf 88' lang='lat' dir='ltr'>suspicari</span> <span class='ocrx_word' id='word_1_299' title='bbox 1965 3588 2181 3663; x_wconf 90' lang='lat' dir='ltr'>aliquis</span> <span class='ocrx_word' id='word_1_300' title='bbox 2205 3586 2400 3662; x_wconf 87' lang='lat' dir='ltr'>possit</span> <span class='ocrx_word' id='word_1_301' title='bbox 2425 3601 2552 3642; x_wconf 91' lang='lat' dir='ltr'>non</span> <span class='ocrx_word' id='word_1_302' title='bbox 2582 3585 2829 3660; x_wconf 88' lang='lat' dir='ltr'>plenum</span> 
     </span>
     <span class='ocr_line' id='line_1_32' title="bbox 540 3686 2832 3765; baseline -0.002 -19"><span class='ocrx_word' id='word_1_303' title='bbox 540 3688 724 3746; x_wconf 85' lang='lat' dir='ltr'>fuisse</span> <span class='ocrx_word' id='word_1_304' title='bbox 775 3689 1256 3765; x_wconf 86' lang='lat' dir='ltr'>quaternionem,</span> <span class='ocrx_word' id='word_1_305' title='bbox 1320 3692 1400 3747; x_wconf 89' lang='lat' dir='ltr'>ad</span> <span class='ocrx_word' id='word_1_306' title='bbox 1462 3707 1648 3765; x_wconf 90' lang='lat' dir='ltr'>quem</span> <span class='ocrx_word' id='word_1_307' title='bbox 1706 3689 2109 3764; x_wconf 88' lang='lat' dir='ltr'>pertinuerint</span> <span class='ocrx_word' id='word_1_308' title='bbox 2170 3687 2270 3747; x_wconf 84' lang='lat' dir='ltr'>fol.</span> <span class='ocrx_word' id='word_1_309' title='bbox 2320 3688 2455 3745; x_wconf 86' lang='lat'>197.</span> <span class='ocrx_word' id='word_1_310' title='bbox 2505 3687 2646 3754; x_wconf 83' lang='lat'>198,</span> <span class='ocrx_word' id='word_1_311' title='bbox 2700 3686 2832 3743; x_wconf 84' lang='lat'>191.</span> 
     </span>
     <span class='ocr_line' id='line_1_33' title="bbox 542 3786 2835 3860; baseline -0.003 -11"><span class='ocrx_word' id='word_1_312' title='bbox 542 3792 682 3860; x_wconf 83' lang='lat'>192,</span> <span class='ocrx_word' id='word_1_313' title='bbox 732 3798 796 3847; x_wconf 91' lang='lat' dir='ltr'>et</span> <span class='ocrx_word' id='word_1_314' title='bbox 842 3789 943 3850; x_wconf 87' lang='lat' dir='ltr'>fol.</span> <span class='ocrx_word' id='word_1_315' title='bbox 994 3791 1128 3849; x_wconf 88' lang='grc'><strong>189.</strong></span> <span class='ocrx_word' id='word_1_316' title='bbox 1172 3792 1312 3857; x_wconf 90' lang='grc'><strong>190,</strong></span> <span class='ocrx_word' id='word_1_317' title='bbox 1362 3792 1498 3851; x_wconf 90' lang='lat'>199.</span> <span class='ocrx_word' id='word_1_318' title='bbox 1548 3792 1671 3851; x_wconf 90' lang='grc'>200</span> <span class='ocrx_word' id='word_1_319' title='bbox 1721 3790 1822 3847; x_wconf 92' lang='lat' dir='ltr'>alii</span> <span class='ocrx_word' id='word_1_320' title='bbox 1868 3790 2263 3848; x_wconf 89' lang='lat' dir='ltr'>attribuenda</span> <span class='ocrx_word' id='word_1_321' title='bbox 2314 3804 2454 3845; x_wconf 87' lang='lat' dir='ltr'>esse</span> <span class='ocrx_word' id='word_1_322' title='bbox 2498 3786 2722 3853; x_wconf 84' lang='lat' dir='ltr'>libello,</span> <span class='ocrx_word' id='word_1_323' title='bbox 2764 3795 2835 3845; x_wconf 92' lang='lat' dir='ltr'>ut</span> 
     </span>
     <span class='ocr_line' id='line_1_34' title="bbox 540 3887 2833 3966; baseline -0.003 -17"><span class='ocrx_word' id='word_1_324' title='bbox 540 3899 834 3965; x_wconf 89' lang='lat' dir='ltr'>sequatur</span> <span class='ocrx_word' id='word_1_325' title='bbox 875 3899 1017 3965; x_wconf 91' lang='lat' dir='ltr'>post</span> <span class='ocrx_word' id='word_1_326' title='bbox 1061 3891 1312 3966; x_wconf 88' lang='lat' dir='ltr'>aliquod</span> <span class='ocrx_word' id='word_1_327' title='bbox 1346 3891 1609 3966; x_wconf 90' lang='lat' dir='ltr'>spatium</span> <span class='ocrx_word' id='word_1_328' title='bbox 1641 3889 1742 3951; x_wconf 85' lang='lat' dir='ltr'>fol.</span> <span class='ocrx_word' id='word_1_329' title='bbox 1779 3890 1915 3949; x_wconf 84' lang='lat'>199.</span> <span class='ocrx_word' id='word_1_330' title='bbox 1949 3891 2071 3949; x_wconf 90' lang='grc'>200</span> <span class='ocrx_word' id='word_1_331' title='bbox 2116 3899 2179 3946; x_wconf 88' lang='lat' dir='ltr'>et</span> <span class='ocrx_word' id='word_1_332' title='bbox 2222 3890 2283 3945; x_wconf 91' lang='lat' dir='ltr'>in</span> <span class='ocrx_word' id='word_1_333' title='bbox 2328 3888 2449 3945; x_wconf 90' lang='lat' dir='ltr'>hac</span> <span class='ocrx_word' id='word_1_334' title='bbox 2492 3887 2833 3963; x_wconf 85' lang='lat' dir='ltr'>posteriore</span> 
     </span>
     <span class='ocr_line' id='line_1_35' title="bbox 461 3989 2834 4075; baseline -0.002 -25"><span class='ocrx_word' id='word_1_335' title='bbox 461 4069 463 4075; x_wconf 15' lang='lat' dir='ltr'><em>A</em></span> <span class='ocrx_word' id='word_1_336' title='bbox 539 3990 916 4050; x_wconf 89' lang='lat' dir='ltr'>collectionis</span> <span class='ocrx_word' id='word_1_337' title='bbox 955 4000 1129 4067; x_wconf 90' lang='lat' dir='ltr'>parte</span> <span class='ocrx_word' id='word_1_338' title='bbox 1175 3991 1515 4049; x_wconf 88' lang='lat' dir='ltr'>descendat</span> <span class='ocrx_word' id='word_1_339' title='bbox 1562 3992 1721 4049; x_wconf 92' lang='lat' dir='ltr'>sicut</span> <span class='ocrx_word' id='word_1_340' title='bbox 1777 3992 1840 4047; x_wconf 89' lang='lat' dir='ltr'>in</span> <span class='ocrx_word' id='word_1_341' title='bbox 1883 3990 2190 4048; x_wconf 89' lang='lat' dir='ltr'>anteriore</span> <span class='ocrx_word' id='word_1_342' title='bbox 2233 3989 2538 4047; x_wconf 88' lang='lat' dir='ltr'>ascendat</span> <span class='ocrx_word' id='word_1_343' title='bbox 2582 4005 2834 4063; x_wconf 88' lang='lat' dir='ltr'>respon-</span> 
     </span>
    </p>
   </div>
   <div class='ocr_carea' id='block_1_10' title="bbox 442 4089 2912 4168">
    <p class='ocr_par' dir='ltr' id='par_1_13' title="bbox 442 4089 2912 4168">
     <span class='ocr_line' id='line_1_36' title="bbox 442 4089 2912 4168; baseline -0.002 -17"><span class='ocrx_word' id='word_1_344' title='bbox 442 4092 465 4116; x_wconf 74' lang='lat'><strong>·</strong></span> <span class='ocrx_word' id='word_1_345' title='bbox 540 4110 745 4151; x_wconf 88' lang='lat' dir='ltr'>sorum</span> <span class='ocrx_word' id='word_1_346' title='bbox 789 4108 1135 4168; x_wconf 82' lang='lat' dir='ltr'>compages,</span> <span class='ocrx_word' id='word_1_347' title='bbox 1192 4092 1308 4149; x_wconf 91' lang='lat' dir='ltr'>sed</span> <span class='ocrx_word' id='word_1_348' title='bbox 1351 4092 1564 4150; x_wconf 89' lang='lat' dir='ltr'>mirum</span> <span class='ocrx_word' id='word_1_349' title='bbox 1609 4110 1761 4150; x_wconf 86' lang='lat' dir='ltr'>sane</span> <span class='ocrx_word' id='word_1_350' title='bbox 1808 4101 1969 4149; x_wconf 91' lang='lat' dir='ltr'>esset</span> <span class='ocrx_word' id='word_1_351' title='bbox 2026 4092 2088 4148; x_wconf 90' lang='lat' dir='ltr'>in</span> <span class='ocrx_word' id='word_1_352' title='bbox 2134 4097 2309 4148; x_wconf 89' lang='lat' dir='ltr'>tanto</span> <span class='ocrx_word' id='word_1_353' title='bbox 2356 4089 2836 4164; x_wconf 84' lang='lat' dir='ltr'>fragmentorum</span> <span class='ocrx_word' id='word_1_354' title='bbox 2903 4147 2912 4158; x_wconf 76' lang='grc'><strong>,</strong></span> 
     </span>
    </p>
   </div>
   <div class='ocr_carea' id='block_1_11' title="bbox 538 4181 2837 4572">
    <p class='ocr_par' dir='ltr' id='par_1_14' title="bbox 538 4181 2837 4572">
     <span class='ocr_line' id='line_1_37' title="bbox 539 4181 2833 4267; baseline -0.001 -17"><span class='ocrx_word' id='word_1_355' title='bbox 539 4211 793 4251; x_wconf 89' lang='lat' dir='ltr'>numero</span> <span class='ocrx_word' id='word_1_356' title='bbox 856 4194 1084 4251; x_wconf 90' lang='lat' dir='ltr'>nullum</span> <span class='ocrx_word' id='word_1_357' title='bbox 1150 4194 1317 4251; x_wconf 91' lang='lat' dir='ltr'>aliud</span> <span class='ocrx_word' id='word_1_358' title='bbox 1372 4193 1551 4251; x_wconf 91' lang='lat' dir='ltr'>huius</span> <span class='ocrx_word' id='word_1_359' title='bbox 1615 4193 1843 4252; x_wconf 91' lang='lat' dir='ltr'>ordinis</span> <span class='ocrx_word' id='word_1_360' title='bbox 1866 4181 1873 4187; x_wconf 46' lang='lat'>⁵</span> <span class='ocrx_word' id='word_1_361' title='bbox 1898 4192 2155 4251; x_wconf 88' lang='lat' dir='ltr'>inueniri</span> <span class='ocrx_word' id='word_1_362' title='bbox 2195 4191 2556 4267; x_wconf 89' lang='lat' dir='ltr'>uestigium;</span> <span class='ocrx_word' id='word_1_363' title='bbox 2604 4190 2833 4249; x_wconf 90' lang='lat' dir='ltr'>deinde</span> 
     </span>
     <span class='ocr_line' id='line_1_38' title="bbox 538 4288 2831 4370; baseline -0.002 -18"><span class='ocrx_word' id='word_1_364' title='bbox 538 4295 602 4352; x_wconf 89' lang='lat' dir='ltr'>in</span> <span class='ocrx_word' id='word_1_365' title='bbox 644 4294 789 4370; x_wconf 87' lang='lat' dir='ltr'>ipsis</span> <span class='ocrx_word' id='word_1_366' title='bbox 831 4294 1068 4369; x_wconf 89' lang='lat' dir='ltr'>paginis</span> <span class='ocrx_word' id='word_1_367' title='bbox 1118 4297 1254 4356; x_wconf 88' lang='lat'>199.</span> <span class='ocrx_word' id='word_1_368' title='bbox 1301 4294 1423 4355; x_wconf 88' lang='lat'>200</span> <span class='ocrx_word' id='word_1_369' title='bbox 1487 4304 1631 4352; x_wconf 89' lang='lat' dir='ltr'>sunt</span> <span class='ocrx_word' id='word_1_370' title='bbox 1692 4312 1852 4370; x_wconf 90' lang='lat' dir='ltr'>quae</span> <span class='ocrx_word' id='word_1_371' title='bbox 1915 4302 2130 4352; x_wconf 90' lang='lat' dir='ltr'>contra</span> <span class='ocrx_word' id='word_1_372' title='bbox 2159 4297 2166 4302; x_wconf 84' lang='grc'><strong>’</strong></span> <span class='ocrx_word' id='word_1_373' title='bbox 2192 4292 2437 4353; x_wconf 87' lang='lat' dir='ltr'>faciant.</span> <span class='ocrx_word' id='word_1_374' title='bbox 2529 4288 2672 4351; x_wconf 65' lang='lat' dir='ltr'>nam*</span> <span class='ocrx_word' id='word_1_375' title='bbox 2717 4300 2831 4349; x_wconf 88' lang='lat' dir='ltr'>tra·</span> 
     </span>
     <span class='ocr_line' id='line_1_39' title="bbox 541 4393 2834 4474; baseline -0.003 -22"><span class='ocrx_word' id='word_1_376' title='bbox 541 4397 784 4465; x_wconf 88' lang='lat' dir='ltr'>duntur,</span> <span class='ocrx_word' id='word_1_377' title='bbox 829 4397 1268 4471; x_wconf 88' lang='lat' dir='ltr'>respondentia</span> <span class='ocrx_word' id='word_1_378' title='bbox 1309 4396 1467 4453; x_wconf 89' lang='lat' dir='ltr'>inter</span> <span class='ocrx_word' id='word_1_379' title='bbox 1508 4414 1575 4454; x_wconf 91' lang='lat' dir='ltr'>se</span> <span class='ocrx_word' id='word_1_380' title='bbox 1612 4398 1753 4474; x_wconf 87' lang='lat'>199,</span> <span class='ocrx_word' id='word_1_381' title='bbox 1790 4399 1819 4455; x_wconf 94' lang='lat'>1</span> <span class='ocrx_word' id='word_1_382' title='bbox 1868 4398 2086 4453; x_wconf 81' lang='lat' dir='ltr'>amicus</span> <span class='ocrx_word' id='word_1_383' title='bbox 2105 4403 2109 4409; x_wconf 86' lang='grc'><em>“</em></span> <span class='ocrx_word' id='word_1_384' title='bbox 2128 4400 2260 4452; x_wconf 82' lang='lat' dir='ltr'>tuus</span> <span class='ocrx_word' id='word_1_385' title='bbox 2288 4393 2446 4451; x_wconf 76' lang='lat' dir='ltr'><em>nihil</em></span> <span class='ocrx_word' id='word_1_386' title='bbox 2472 4393 2834 4468; x_wconf 74' lang='lat' dir='ltr'>consequeris</span> 
     </span>
     <span class='ocr_line' id='line_1_40' title="bbox 541 4492 2837 4572; baseline -0 -20"><span class='ocrx_word' id='word_1_387' title='bbox 541 4496 614 4553; x_wconf 85' lang='lat' dir='ltr'>ab</span> <span class='ocrx_word' id='word_1_388' title='bbox 659 4492 839 4572; x_wconf 64' lang='lat' dir='ltr'>[illoL</span> <span class='ocrx_word' id='word_1_389' title='bbox 886 4513 1045 4571; x_wconf 89' lang='lat' dir='ltr'>quae</span> <span class='ocrx_word' id='word_1_390' title='bbox 1090 4507 1185 4553; x_wconf 89' lang='lat' dir='ltr'>est</span> <span class='ocrx_word' id='word_1_391' title='bbox 1226 4514 1366 4572; x_wconf 91' lang='lat' dir='ltr'>pars</span> <span class='ocrx_word' id='word_1_392' title='bbox 1410 4497 1712 4572; x_wconf 89' lang='lat' dir='ltr'>posterior</span> <span class='ocrx_word' id='word_1_393' title='bbox 1756 4496 1918 4566; x_wconf 91' lang='lat' dir='ltr'>dicti,</span> <span class='ocrx_word' id='word_1_394' title='bbox 1959 4498 2053 4554; x_wconf 92' lang='lat' dir='ltr'>cui</span> <span class='ocrx_word' id='word_1_395' title='bbox 2098 4495 2288 4554; x_wconf 94' lang='lat' dir='ltr'>VIIII</span> <span class='ocrx_word' id='word_1_396' title='bbox 2331 4512 2617 4556; x_wconf 86' lang='lat' dir='ltr'>numerus</span> <span class='ocrx_word' id='word_1_397' title='bbox 2661 4512 2837 4571; x_wconf 88' lang='lat' dir='ltr'>prae-</span> 
     </span>
    </p>
   </div>
  </div>
 </body>
</html>
