3290 5308
1521 400 1836 456 „2-

530 575 825 658 periret1;
881 580 966 638 ita
1022 579 1246 638 factum
1298 588 1392 637 est
1433 588 1518 650 ut,
1576 597 1716 637 cum
1769 598 1955 655 supra
2013 579 2412 640 recentiorem
2467 583 2827 660 scripturam

437 741 443 747 ,
532 700 834 759 nusquam
881 680 1008 739 fere
1054 681 1323 756 priorum
1366 681 1708 738 litterarum
1751 682 2012 758 uestigia
2060 690 2322 752 exstent,
2370 685 2632 760 spatium
2662 687 2830 760 quod

529 785 684 844 infra
744 802 884 843 eam
938 801 1205 842 uacuum
1265 783 1505 857 reliquit
1557 783 1850 855 librariuS,
1914 792 2035 841 tres
2092 784 2218 841 fere
2277 802 2492 842 uersus
2538 787 2827 862 antiquae

533 885 864 962 scripturae
913 885 1088 943 nullis
1132 885 1342 942 litteris
1391 884 1668 941 occultos
1714 884 2018 944 exhibeat.
2066 885 2181 941 sed
2225 893 2289 942 et
2331 885 2507 961 longe
2551 885 2831 944 latiorem

530 988 793 1062 priscum
840 986 1028 1044 fuisse
1076 984 1359 1044 codicem
1401 985 1689 1060 imprimis
1737 986 2165 1043 demonstrant
2220 984 2366 1042 folia
2408 986 2567 1043 inter
2609 1003 2679 1045 se
2723 1003 2832 1044 co-

530 1088 864 1166 haerentia,
918 1106 1079 1162 quae
1135 1088 1454 1145 continent
1507 1087 1766 1162 paginas
1822 1088 1962 1145 275.
2014 1088 2132 1145 276
2180 1094 2240 1143 et
2287 1088 2425 1148 293.
2472 1089 2621 1156 294;
2680 1105 2824 1145 narn

531 1207 667 1247 curn
712 1198 919 1247 cetera
966 1189 1244 1246 foliorum
1287 1188 1458 1264 paria
1508 1187 1835 1263 diligenter
1863 1188 2088 1244 eodem
2126 1187 2260 1244 loco
2300 1189 2824 1263 complicarentur‚

530 1309 653 1366 quo
699 1291 1033 1367 antiquitus
1080 1291 1446 1365 complicata
1491 1288 1753 1354 fuerant,
1809 1288 1964 1346 haec
2017 1289 2102 1347 ita
2144 1288 2511 1364 complicata
2555 1299 2715 1362 sunt,
2762 1300 2831 1348 ut

527 1393 715 1450 iidem
769 1390 986 1468 prioris
1044 1392 1385 1467 scripturae·
1437 1408 1653 1449 uersus
1712 1390 1777 1446 in
1827 1391 1981 1448 duas
2035 1390 2287 1466 paginas
2344 1390 2577 1448 codicis
2636 1391 2828 1466 qualis

531 1512 698 1552 nunc
756 1502 853 1552 est
909 1493 1349 1559 diuiderentur,
1399 1494 1566 1549 unde
1623 1499 1880 1567 apparet
1938 1492 2304 1548 exteriorem
2361 1492 2540 1566 prisci
2599 1493 2829 1549 codicis
2893 1555 2901 1564 ,

527 1595 863 1670 marginem
912 1595 1106 1652 multo
1165 1595 1461 1652 maiorem
1508 1592 1696 1650 fuisse
1740 1610 1926 1668 quam
2002 1593 2291 1667 rescripti.
2390 1592 2549 1650 felici
2619 1603 2827 1652 tamen

529 1712 676 1754 casu
723 1694 954 1753 factum
986 1703 1082 1752 est
1126 1702 1214 1764 ut,
1260 1712 1397 1752 curn
1442 1702 1569 1751 tam
1601 1693 1925 1752 crudeliter
1969 1694 2234 1752 saeuiret
2280 1693 2499 1751 librarii
2535 1695 2829 1770 cultelluS,

526 1795 669 1858 nihil
716 1795 843 1852 fere
886 1795 1174 1869 pristinae
1203 1796 1538 1871 scripturae
1570 1811 1648 1851 eo
1679 1795 1987 1853 deleretur
2013 1802 2258 1871 praeter
2298 1812 2554 1870 paruam
2583 1804 2820 1870 partem

527 1915 738 1955 earum
783 1895 1038 1954 sortium
1084 1913 1241 1972 quae
1287 1896 1759 1954 continebantur
1800 1895 2036 1972 paginis
2083 1898 2221 1956 293.
2271 1897 2409 1956 294.

725 1997 924 2055 Multo
956 1999 1238 2073 grauiora
1270 1999 1497 2056 damna
1529 2005 1727 2055 sortes
1751 2014 2084 2073 perpessae
2109 2006 2251 2069 sunt
2293 1997 2555 2073 spongia
2585 1999 2824 2068 librarii,

527 2117 684 2175 quae
728 2117 855 2157 non
899 2100 1093 2156 solum
1138 2098 1308 2157 haud
1365 2116 1499 2157 raro
1547 2106 1953 2156 atramentum
1997 2098 2265 2156 funditus
2312 2101 2568 2171 sustulit,
2621 2109 2686 2158 ut
2732 2100 2825 2158 lit·

527 2211 695 2261 terae
749 2201 863 2259 nisi
907 2201 1152 2258 diuersa
1196 2202 1589 2259 membranae
1653 2200 1978 2276 superficie
2032 2202 2328 2276 cognosci
2385 2216 2512 2260 non
2570 2203 2825 2279 possint,

529 2304 644 2360 sed
689 2303 875 2359 etiam
931 2295 993 2359 in
1038 2300 1346 2359 nonnullis
1397 2301 1638 2377 paginis
1706 2302 1868 2359 adeo
1924 2318 2139 2358 omnes
2195 2303 2589 2361 membranae
2647 2304 2827 2362 fibras

529 2402 705 2473 eruit,
774 2411 842 2460 ut
897 2403 1179 2460 uillosam
1224 2403 1430 2478 potius
1483 2402 1706 2479 pellem
1771 2419 1954 2478 quam
2023 2403 2442 2461 membranam
2500 2405 2827 2463 scribendo

530 2512 739 2579 aptam
782 2503 1140 2578 conspicere
1187 2502 1292 2560 tibi
1340 2503 1606 2560 uidearis
1654 2512 1717 2560 et
1761 2513 1867 2559 aut
1908 2503 2137 2560 nullam
2189 2505 2439 2560 omnino
2481 2507 2680 2579 possis
2724 2524 2828 2563 co·

525 2620 825 2679 gnoscere
888 2604 1146 2661 litteram
1210 2601 1297 2680 (p.
1345 2600 1494 2680 293)
1569 2611 1677 2662 aut
1740 2622 1973 2680 paucas
2039 2612 2274 2662 tantum
2341 2622 2576 2681 easque
2642 2624 2826 2682 quam

527 2707 789 2765 maxime
841 2707 1211 2765 dubitationi
1265 2707 1589 2782 subiectaS,
1644 2726 1780 2765 cum
1841 2708 2202 2782 praesertim
2245 2709 2307 2765 in
2350 2717 2475 2766 tam
2520 2712 2656 2768 rudi
2700 2730 2830 2769 ma-

528 2808 682 2866 teria
741 2808 926 2866 etiam
985 2808 1288 2883 posterior
1341 2808 1634 2883 scriptura
1699 2810 1919 2866 misere
1984 2807 2310 2865 diffluxerit
2374 2810 2455 2886 (p.
2502 2814 2644 2870 276.
2692 2815 2828 2874 188.

532 2911 668 2968 189.
712 2909 849 2967 193.
901 2907 1037 2969 198.
1085 2910 1223 2967 202.
1269 2910 1409 2968 205.
1460 2911 1600 2968 207.
1648 2902 1816 2987 218).
2451 2929 2456 2935 ·

728 3007 850 3067 Ubi
897 3026 1043 3065 uero
1090 3009 1236 3066 nihil
1280 3010 1408 3067 eius
1454 3011 1625 3067 modi
1671 3011 1913 3087 accidit,
1958 3011 2017 3067 in
2058 3011 2310 3086 singulis
2351 3009 2589 3087 paginis
2636 3028 2823 3086 appa·

532 3117 669 3167 rent
716 3117 1057 3168 atramento
1107 3110 1228 3168 iam
1269 3110 1434 3168 flauo
1478 3109 1643 3169 facto
1691 3112 1898 3186 scripti
1926 3111 2137 3168 XXIV
2180 3128 2393 3168 uersus
2439 3110 2825 3167 continentes

528 3212 761 3269 litteras
792 3210 976 3268 XXV
1021 3212 1103 3268 ad
1138 3210 1465 3268 XXXVIII
1486 3242 1570 3252 —
1598 3212 1871 3286 plerique
1916 3213 2075 3269 inter
2116 3211 2353 3269 XXVII
2385 3219 2448 3267 et
2473 3210 2711 3268 XXXII
2742 3241 2825 3250 —

529 3312 802 3370 unciales
849 3330 1001 3387 quas
1048 3323 1292 3391 uocant,
1353 3313 1541 3370 ualde
1586 3315 1812 3371 similes
1857 3315 1929 3371 iis
1988 3314 2207 3389 quibus
2252 3312 2649 3370 Merobaudis
2696 3330 2828 3370 ear-

528 3414 694 3471 mina
759 3421 1012 3470 exarata
1075 3422 1218 3471 sunt
1286 3409 2210 3491 (Zangemeister·Wattenbach
2274 3432 2409 3474 exx.
2464 3416 2650 3474 codd.
2699 3415 2827 3471 latt.

529 3521 572 3571 t.
605 3506 715 3591 51)
761 3514 875 3570 sed
905 3514 1110 3588 paullo
1142 3515 1402 3572 maiores
1436 3524 1499 3572 et
1530 3533 1683 3590 quas
1716 3517 2029 3591 aliquanto
2055 3517 2166 3572 illis
2201 3516 2572 3573 recentiores
2597 3522 2774 3589 putes
2788 3510 2829 3569 2.

528 3614 895 3689 compendia
949 3632 1147 3689 pauca
1203 3616 1478 3673 adhibita
1533 3626 1676 3675 sunt
1730 3635 1929 3692 eaque
1979 3624 2224 3692 praeter
2275 3626 2456 3673 notas
2501 3616 2827 3670 uerborum

529 3716 634 3774 dei
679 3723 742 3772 et
786 3716 1035 3790 domini,
1085 3733 1247 3791 quae
1294 3735 1416 3774 uno
1463 3726 1726 3794 excepto
1772 3718 1909 3775 loco
1957 3720 2099 3793 213,
2149 3721 2203 3792 2,
2259 3716 2365 3772 ubi
2408 3732 2532 3770 non
2577 3714 2657 3769 de
2702 3713 2825 3768 deo

529 3817 644 3873 sed
691 3816 770 3872 de
814 3815 1061 3873 homine
1115 3817 1366 3875 domino
1421 3819 1637 3894 agitur,
1694 3835 1931 3893 semper
1982 3816 2346 3874 adbreuiata
2391 3821 2552 3881 sunt,
2619 3812 2825 3869 omnia

661 3969 664 3972 Ι
729 3994 752 4032 1
789 3997 973 4047 Solum
1012 4000 1317 4065 paginarum
1360 4000 1479 4052 275.
1521 3999 1641 4051 276.
1681 3998 1800 4051 293.
1830 3996 1932 4049 294
1973 3997 2213 4062 superior
2237 4009 2420 4056 margo
2442 3993 2685 4086 subl‘atus
2726 3999 2823 4053 est,

528 4086 739 4136 inferior
777 4093 1025 4135 seruatus,

676 4209 681 4213 »
728 4169 753 4208 ²
789 4173 947 4238 Quod
986 4174 1342 4225 Buechelerus
1388 4173 1594 4223 rubrica
1644 4171 1889 4220 distincta
1935 4170 2188 4235 quaedam
2227 4183 2341 4217 esse
2384 4167 2528 4227 dicit,
2574 4167 2826 4217 memoria

529 4262 719 4314 fefellit
754 4264 926 4312 uirum
965 4264 1334 4315 clarissimum:
1375 4265 1429 4312 in
1449 4260 1788 4312 uocabulario
1827 4259 2182 4323 suprascripto
2221 4257 2368 4322 initia
2396 4272 2638 4307 uersuum
2665 4248 2825 4306 minio

528 4354 665 4419 picta
703 4358 840 4411 sunt,
893 4352 948 4400 in
1004 4352 1182 4417 priore
1233 4352 1489 4416 scriptura
1542 4348 1674 4398 nihil
1728 4347 2023 4397 adhibitum
2076 4345 2390 4413 conspicitur
2438 4352 2645 4412 praeter
2694 4352 2826 4395 atra-

529 4447 777 4492 mentum.
