3290 5308
1394 529 1710 581 ..9.-

403 708 573 760 certe
616 700 1014 769 interciderit,
1058 699 1439 759 contendere
1482 699 1687 758 licebit
1731 700 2077 759 constitisse
2123 700 2443 775 pristinum
2488 702 2703 762 librum

401 811 549 862 octo
594 800 1096 878 quaternionibus
1160 808 1268 858 aut
1312 799 1601 875 pluribuS,
1657 800 2045 875 paucioribus
2103 809 2172 859 ut
2222 810 2534 861 constaret
2577 804 2703 862 fieri

401 921 531 962 non
571 904 866 980 potuisse.
932 910 1000 960 ut
1063 901 1247 977 igitur
1296 902 1610 961 minimum
1661 920 1970 978 ponamus
2028 918 2367 970 numerum,
2433 921 2510 963 ex
2556 914 2701 964 octo

403 1004 907 1081 quaternionibus
950 1003 990 1060 i.
1037 1020 1091 1062 e.
1137 1003 1461 1077 sexaginta
1504 1010 1795 1077 quattuor
1840 1003 1993 1062 foliis
2039 1004 2239 1062 solum
2268 1005 2701 1082 duodeuiginti

405 1113 651 1166 seruata
693 1112 851 1173 sunt,
899 1111 963 1161 et
1001 1103 1078 1161 ab
1122 1103 1216 1160 his
1262 1103 1312 1161 si
1358 1104 1797 1163 subtrahuntur
1840 1121 1956 1162 eae
1999 1104 2280 1179 paginae,
2333 1123 2496 1180 quae
2540 1109 2703 1166 adeo

405 1215 547 1266 sunt
590 1206 852 1279 deletae,
900 1213 969 1263 ut
1011 1206 1324 1266 minimam
1369 1214 1609 1264 tantum
1651 1214 1884 1282 partem
1940 1214 2048 1264 aut
2090 1207 2342 1266 omnino
2387 1227 2514 1266 non
2556 1227 2702 1286 pos-

402 1313 525 1370 sint
565 1310 822 1379 restitui,
864 1310 1223 1387 neutiquam
1272 1311 1408 1386 plus
1463 1327 1649 1386 quam
1703 1318 1922 1386 quarta
1975 1310 2270 1386 pristinae
2323 1309 2703 1372 collectionis

401 1430 542 1489 pars
590 1412 768 1472 nobis
808 1413 1036 1472 tradita
1077 1420 1188 1472 est.

600 1515 677 1575 In
723 1514 985 1573 edendis
1031 1514 1293 1572 sortibus
1347 1513 1435 1572 ita
1478 1513 1754 1589 disposui
1799 1513 2158 1589 fragmenta,
2221 1524 2288 1572 ut
2331 1515 2708 1590 praecedant

402 1617 667 1695 paginae
698 1617 1052 1694 Ι207----214,
1094 1615 1322 1690 quippe
1375 1631 1536 1690 quae
1591 1614 2001 1691 longissimam
2045 1616 2263 1674 seriem
2309 1616 2440 1674 sine
2485 1617 2707 1675 lacuna

403 1722 786 1786 contineant,
839 1725 1168 1794 sequantur
1215 1717 1574 1790 193-1963
1622 1718 1762 1777 275.
1811 1719 1951 1778 276.
2000 1719 2140 1778 215.
2190 1720 2332 1779 216.
2377 1719 2517 1779 205.
2566 1718 2707 1777 206.

408 1824 560 1891 294;
622 1823 759 1881 199.
806 1821 947 1879 200.
1001 1819 1135 1880 197.
1201 1819 1339 1878 198.
1390 1820 1527 1878 191.
1581 1819 1719 1879 192.
1774 1819 1913 1879 189.
1966 1822 2109 1891 19ος
2167 1820 2309 1878 201.
2366 1820 2507 1879 202.
2565 1821 2704 1881 187.

410 1926 549 1993 188,
596 1939 753 1998 quae
797 1938 1166 1997 quamquam
1219 1921 1446 1980 lacunis
1506 1921 1884 1997 interpositis
1929 1921 2049 1979 hoc
2097 1921 2315 1980 ordine
2358 1921 2477 1981 alia
2523 1920 2702 1982 aliam

407 2025 738 2100 excipiunt3
783 2024 846 2081 in
890 2022 1009 2081 fine
1053 2024 1321 2098 denique
1367 2024 1545 2098 posui
1594 2024 1732 2083 203.
1767 2024 1908 2083 204.
1937 2025 2079 2082 217.
2122 2023 2264 2095 218,
2296 2039 2456 2098 quae
2493 2011 2705 2101 'neque

404 2129 573 2186 inter*
611 2143 678 2184 se
735 2142 937 2200 neque
980 2143 1119 2184 cum
1164 2126 1384 2184 ceteris
1428 2133 1698 2202 possunt
1741 2124 2049 2200 coniungi.
2110 2125 2379 2184 eundem
2422 2127 2704 2185 ordinem

406 2237 656 2287 secutus
702 2245 839 2287 sum
882 2228 944 2284 in
990 2227 1297 2302 eligendis·
1332 2227 1621 2306 numeris,
1663 2242 1819 2302 quos
1865 2226 2117 2309 singulis
2143 2226 2572 2287 dodecadibus
2595 2229 2705 2303 im·

405 2330 730 2406 ponendos
785 2345 924 2387 esse
980 2330 1216 2405 putaui,
1279 2346 1404 2405 quo
1460 2328 1701 2387 facilius
1753 2345 1940 2385 unum
1993 2328 2287 2403 quodque
2344 2345 2704 2404 responsum

405 2433 728 2510 significari
770 2439 985 2509 posset
1033 2437 1096 2489 et
1136 2431 1322 2488 totius
1368 2430 1751 2489 collectionis
1793 2429 1948 2487 ratio
1993 2429 2212 2488 clarius
2237 2431 2701 2506 perspiceretur.

605 2536 963 2611 Priusquam
1004 2551 1154 2592 uero
1198 2534 1333 2609 ipsa
1380 2532 1720 2608 fragmenta
1765 2549 2112 2609 proponam
2154 2549 2491 2609 eorumque
2535 2535 2705 2592 resti·

405 2640 705 2699 tutionem
749 2656 861 2714 pro
907 2635 1134 2696 uiribus
1181 2636 1522 2713 adgrediar,
1568 2634 2176 2713 circumspiciendum
2220 2642 2336 2704 est,
2392 2652 2541 2695 num
2584 2634 2705 2694 for·

408 2749 573 2799 tasse
618 2740 739 2798 alia
782 2746 1028 2797 exstent
1071 2738 1315 2810 auxilia,
1360 2738 1580 2813 quibus
1625 2745 1735 2794 aut
1779 2738 1843 2795 in
1890 2737 2334 2812 cognoscenda
2377 2736 2580 2812 operis
2617 2737 2741 2795 in·'

406 2841 551 2898 dole
597 2859 671 2899 ac
710 2848 931 2898 natura
977 2850 1084 2899 aut
1126 2841 1190 2897 in
1233 2838 1628 2897 restituendis
1674 2838 1927 2913 singulis
1972 2838 2294 2896 sententiis
2324 2838 2710 2899 adiuuemur.

408 2943 552 3000 talia
596 2943 913 3021 quaerenti
957 2942 1161 2999 statim
1206 2960 1272 2999 se
1314 2940 1595 3009 offerunt,
1644 2959 1799 3017 quas
1822 2940 1944 2999 iam
1980 2938 2385 2999 Buechelerus
2430 2940 2490 2997 in
2539 2956 2708 2998 com-

404 3045 789 3120 parationem
842 3038 1108 3113 uocauit‚
1176 3043 1603 3119 Astrampychi
1672 3044 2053 3101 oraculorum
2120 3042 2395 3100 decades
2462 3036 2586 3116 (ed.
2630 3042 2705 3103 R.

407 3144 702 3214 Hercher,
756 3163 956 3220 progr.
1013 3163 1213 3221 gymn.
1259 3143 1719 3223 Joachimsthal.
1767 3137 1977 3211 1863).
2031 3143 2292 3217 primum
2334 3143 2496 3201 enim
2541 3142 2709 3202 haud

405 3262 607 3320 pauca
648 3262 945 3320 responsa
1004 3254 1108 3305 aut
1172 3253 1305 3304 tota
1369 3253 1476 3303 aut
1544 3263 1618 3302 ex
1686 3252 1862 3320 parte
1918 3262 2057 3303 cum
2097 3244 2301 3302 latinis
2369 3245 2709 3323 sententiis,

405 3346 618 3420 quales
663 3346 946 3421 leguntur
996 3348 1153 3405 inter
1209 3357 1407 3404 sortes
1453 3346 1888 3421 Sangallenses
1957 3346 2042 3416 ad
2084 3345 2342 3404 uerbum
2388 3346 2518 3404 fere
2554 3363 2711 3405 con·

407 3445 700 3511 sentiunt,
746 3445 914 3502 uelut
957 3447 1057 3520 Sg.
1107 3449 1204 3518 13,
1237 3449 1274 3505 9
1327 3447 1561 3505 habebis
1612 3454 1862 3521 tempora
1911 3448 2087 3521 uitae,
2140 3446 2303 3504 Astr.
2351 3448 2451 3521 62,
2501 3450 2531 3506 1
2589 3443 2710 3523 οὐχ

405 3542 569 3620 ἕξεις
614 3540 854 3619 χρόνον
897 3546 1092 3622 Ζωῆς;
1140 3548 1239 3621 Sg.
1291 3551 1390 3616 16,
1436 3549 1474 3606 8
1519 3547 1754 3605 habebis
1794 3528 1960 3622 spem⁸
1975 3546 2131 3621 fidei
2164 3548 2270 3604 sed
2307 3549 2374 3604 de
2411 3548 2711 3622 dzkperato,

406 3648 564 3705 Astr.
606 3646 705 3722 95,
757 3648 792 3704 2
837 3642 1003 3721 ἕξεις
1049 3644 1278 3708 ἐλπίδα
1318 3645 1599 3722 πίστεως
1645 3648 1748 3707 cfr.
1785 3651 1881 3727 78,
1918 3651 1954 3708 9
2001 3643 2387 3730 ἀπολυθήσῃ
2435 3649 2554 3724 τῆς
2596 3659 2711 3711 συ-

405 3746 609 3820 νοχῆς
655 3741 720 3806 ἐξ
745 3740 1185 3818 ἀνελπίστων;
1232 3748 1333 3825 Sg.
1363 3750 1461 3821 27,
1501 3750 1570 3809 ll
1625 3768 1750 3805 cum
1793 3750 1889 3806 lite
1918 3768 2135 3824 magna
2163 3748 2326 3805 heres
2367 3750 2503 3818 eris,
2548 3749 2712 3810 Astr.

410 3850 465 3914 1,
514 3850 547 3906 7
595 3844 1108 3923 κληρονομήσεις
1154 3845 1312 3923 μετὰ
1357 3845 1568 3926 δίκης;
1625 3851 1726 3926 Sg.
1775 3853 1872 3928 29,
1928 3852 1964 3909 9
2017 3851 2079 3906 in
2117 3846 2286 3924 satis
2335 3849 2509 3908 habes
2561 3851 2712 3907 acci-

398 3958 538 4021 pere
579 3950 683 4005 sed
720 3969 834 4006 non
892 3957 1010 4008 tota
1069 3952 1290 4028 legata,
1355 3955 1516 4013 Astr.
1562 3954 1662 4026 25,
1692 3955 1728 4011 3
1792 3948 1966 4033 λήψῃ
2024 3950 2315 4028 λεγᾶτον,
2369 3947 2593 4023 ὀλίγον
2637 3948 2710 4012 δέ

409 4048 516 4105 cfr.
565 4051 620 4123 7,
668 4051 702 4108 6
760 4047 1296 4127 κληρονομήσεις,
1361 4047 1439 4113 οὐ
1497 4048 1711 4114 πάντα
1765 4050 1867 4123 δές
1927 4052 2025 4127 Sg.
2075 4053 2175 4121 32,
2224 4055 2259 4112 6
2311 4072 2427 4109 non
2477 4050 2713 4109 habebis

410 4149 721 4206 nouissima
768 4151 934 4221 bona,
984 4154 1143 4213 Astr.
1191 4156 1250 4221 4,
1302 4158 1333 4213 1
1400 4150 1520 4229 οὐχ
1566 4150 1729 4229 ἕξεις
1773 4149 2057 4230 ἐσχάτην
2105 4149 2335 4228 καλήν;
2379 4153 2479 4229 Sg·
2524 4154 2625 4224 47,
2677 4156 2707 4212 l

411 4253 529 4307 uix
572 4253 862 4324 expedies,
906 4257 1066 4329 quod
1103 4257 1341 4332 cogitas,
1394 4259 1555 4318 Astr.
1604 4259 1662 4324 2,
1692 4257 1766 4315 10
1816 4251 1932 4316 οὐκ
1977 4250 2355 4330 ἀπαρτίσεις
2385 4250 2423 4315 ὃ
2453 4250 2712 4334 ἐνθυμῇ,
2745 4299 2752 4308 .

409 4349 490 4428 μὴ
516 4349 888 4427 προσδόκα;
936 4356 1032 4431 Sg.
1061 4356 1160 4428 50,
1198 4359 1273 4416 12
1318 4358 1493 4416 habes
1534 4360 1595 4414 in
1616 4356 1784 4436 sante
1804 4358 2069 4432 patriam
2113 4363 2268 4414 tuam
2300 4356 2517 4423 uidere,
2548 4356 2711 4414 Astr.

414 4455 468 4525 2,
518 4455 555 4514 9
602 4448 764 4530 ἕξεις
810 4452 926 4529 τὴν
970 4455 1246 4533 πατρίδα
1304 4453 1461 4520 ἰδεῖν
1518 4453 1678 4534 μετὰ
1724 4454 1964 4534 χρόνου
2028 4456 2134 4516 cfr.
2182 4460 2240 4525 2,
2289 4458 2325 4516 2
2377 4453 2498 4531 οὐχ
2551 4452 2713 4530 ἕξεις

407 4551 603 4630 τύχην
651 4552 1141 4620 ἑπισκοπεῦσαι.
1192 4561 1427 4617 deinde
1494 4560 1817 4634 verborum
1861 4560 2157 4618 formulae
2219 4561 2482 4617 eaedem
2548 4567 2712 4625 sunt,
