3290 5308
1463 475 1898 533 '--14-——

571 653 630 709 V
825 650 1024 712 uisum
1066 651 1277 711 utilem
1320 671 1447 711 non
1490 663 1606 731 est,
1652 655 1767 712 sed
1808 672 1961 714 caue
2001 647 2011 733 Ι
2057 673 2139 712 ne
2181 655 2450 714 incurras
2493 654 2872 714 inimicorum

908 754 1180 814 insidias,

573 855 657 912 VJ
829 855 960 914 sine
1005 872 1191 914 causa
1233 855 1492 935 laboras,
1539 873 1683 913 nam
1725 874 1850 913 non
1890 849 1901 936 Ι
1938 858 2179 933 optines
2224 875 2335 933 per
2377 858 2661 918 libellum.
2705 853 2731 933 ΙΙ

357 987 411 1037 p.
449 966 555 1022 208
572 956 694 1014 VII
820 957 981 1016 male
1025 956 1253 1015 lacerat
1296 957 1528 1015 amicus
1577 958 1660 1014 de
1706 965 1783 1017 te.

572 1056 734 1117 VIII
819 1058 1069 1133 expedit
1112 1057 1221 1115 tibi
1262 1066 1330 1115 ut
1373 1058 1632 1134 accipias
1687 1059 1859 1134 quod
1906 1050 2259 1137 desi'deras,
2306 1060 2450 1136 quia
2490 1068 2642 1126 toto
2670 1060 2874 1118 animo

908 1159 973 1217 in
1014 1166 1077 1216 te
1118 1159 1355 1234 pendit.

531 1259 766 1321 5VIIII
825 1260 986 1318 hunc
1029 1277 1195 1318 annu
1253 1258 1429 1318 fructi
1470 1260 1785 1319 miserrimi
1830 1270 1997 1335 sunt3
2061 1254 2071 1340 Ι
2135 1280 2289 1322 caue
2334 1281 2411 1320 ne
2455 1263 2724 1339 inopiam
2768 1281 2875 1337 pa-

909 1362 1094 1423 tiaris.

573 1465 631 1522 X
825 1463 929 1521 ubi
970 1463 1190 1535 uadeS,
1236 1462 1577 1537 paenitebis
1623 1471 1704 1524 te.

575 1565 667 1624 XI
830 1564 958 1622 noli
1000 1565 1109 1633 ire,
1159 1565 1302 1639 quia
1346 1581 1472 1621 non
1521 1565 1867 1642 susciperis.

575 1667 704 1727 XII
831 1682 969 1724 cum
1010 1664 1244 1740 gaudio
1288 1665 1593 1739 optinebis
1638 1666 1810 1741 quod
1853 1654 2215 1728 desideras*

1626 1794 1819 1878 (III.)

505 1935 556 1973 ιο
574 1911 608 1969 Ι
814 1927 945 1980 ‚non
987 1909 1218 1985 poteris
1260 1909 1325 1966 in
1366 1908 1827 1984 expeditionem
1863 1902 1875 1989 Ι
1913 1910 2031 1986 ire;
2078 1928 2249 1972 caue.

575 2010 642 2070 II
827 2010 1083 2087 expedit
1129 2010 1256 2080 tibi,
1299 2009 1368 2068 u't
1411 2009 1645 2069 habeas
1690 2012 2085 2072 consortium.

575 2111 677 2171 III
829 2112 1093 2189 accipies
1139 2111 1524 2187 promissum,
1569 2111 1685 2169 sed
1727 2129 1866 2170 cum
1910 2098 2161 2188 gaudio.

576 2393 740 2443 dubio
779 2399 861 2442 est
897 2408 961 2451 ας
1013 2392 1106 2444 cfr.
1145 2390 1196 2458 4,
1218 2391 1267 2444 6.
1310 2418 1377 2431 -·
1414 2393 1467 2444 5.
1504 2393 1573 2442 de
1614 2386 1831 2443 somniis
1879 2393 1967 2456 agi
2016 2392 2227 2444 uidetur
2262 2394 2361 2445 hac
2400 2396 2660 2446 sententia
2700 2401 2754 2445 et
2790 2395 2878 2459 iis,

574 2498 708 2547 quae
760 2482 930 2532 eidem
983 2481 1277 2547 quaestioni
1331 2481 1670 2546 respondent.
1726 2481 1817 2534 cfr.
1874 2481 1995 2532 cod.
2050 2483 2197 2534 Mon.
2245 2482 2283 2532 f.
2334 2482 2460 2534 ner
2506 2483 2608 2537 IV.
2654 2483 2695 2532 I
2701 2482 2754 2535 V.
2791 2482 2832 2531 I
2840 2482 2890 2530 V

575 2585 709 2619 caue
760 2587 829 2620 ne
883 2572 1177 2636 decipiaris
1223 2572 1494 2618 malorum
1542 2570 1766 2618 insidiis
1810 2569 1970 2621 Firm.
2011 2570 2140 2621 Mat.
2190 2578 2313 2621 astr.
2352 2571 2404 2630 5,
2446 2569 2471 2622 l
2530 2588 2584 2637 p.
2626 2571 2728 2622 120
2764 2569 2877 2638 (ed.

488 2701 492 2705 .
575 2659 762 2726 Basil.)
798 2662 992 2709 uarias
1027 2662 1280 2710 incurret
1311 2644 1565 2711 insidias.
1616 2687 1681 2697 -·
1734 2659 1782 2711 6.
1823 2662 2043 2710 libellus
2099 2667 2180 2711 est
2239 2661 2586 2712 accusationis
2643 2661 2876 2719 libellus,

565 2756 672 2813 per
708 2750 950 2797 libellum
986 2748 1149 2811 igitur
1184 2749 1329 2798 idem
1367 2748 1628 2811 significat
1664 2763 1723 2797 ac
1762 2764 1856 2814 per
1892 2748 2165 2808 iudicium,
2204 2757 2261 2799 ut
2289 2757 2511 2817 apparet
2549 2765 2613 2799 ex
2650 2751 2716 2800 iis
2742 2765 2878 2814 quae

577 2837 823 2902 opposita
860 2842 979 2886 sunt
1008 2844 1116 2901 per
1141 2838 1384 2887 libellum
1419 2836 1620 2887 uerbis:
1663 2836 1714 2902 6,
1740 2836 1805 2887 10
1834 2844 1942 2902 per
1969 2844 2288 2901 patronum,
2328 2838 2378 2897 8,
2405 2834 2470 2887 12
2507 2840 2735 2887 iuuante
2755 2840 2851 2886 deo
2865 2853 2878 2895 ;

577 2924 669 2976 cfr.
711 2926 868 2975 etiarn
906 2925 957 2990 4,
994 2926 1030 2977 8
1081 2925 1174 2975 ubi
1220 2940 1543 2991 componere
1601 2924 1904 2990 oppositum
1958 2931 2037 2974 est
2086 2926 2293 2988 agendo
2353 2941 2448 2991 per
2507 2924 2771 2977 libellum.
2812 2952 2880 2963 —-

577 3015 628 3066 7.
667 3016 734 3063 de
767 3014 1054 3064 delendum
1096 3014 1307 3064 videtur
1342 3012 1695 3064 Buechelem.
1734 3040 1807 3050 -——
1842 3012 1894 3064 8.
1931 3014 2152 3077 expedit
2183 3020 2250 3062 ut
2280 3013 2420 3063 idem
2464 3012 2763 3076 significare
2802 3013 2876 3061 ui-

578 3105 733 3154 detur
765 3104 912 3170 quod
948 3101 1287 3166 ‘contingit'3
1324 3102 1430 3152 hoc
1473 3109 1617 3153 certe
1654 3102 1778 3152 loco
1819 3108 1873 3150 et
1911 3101 1964 3168 7,
2002 3100 2037 3153 6
2079 3102 2150 3150 de
2188 3102 2295 3151 alio
2336 3116 2493 3152 sensu
2536 3101 2755 3164 cogitari
2790 3101 2878 3149 uix

578 3199 783 3259 potest3
818 3192 868 3258 3,
895 3194 927 3243 2
969 3199 1022 3242 et
1045 3193 1121 3241 ita
1144 3191 1390 3254 intellegi
1414 3196 1596 3257 potest
1622 3196 1677 3240 et
1710 3185 1723 3204 ‘
1739 3189 1870 3239 utile
1895 3197 1977 3239 est
1993 3184 2028 3256 ’,
2067 3190 2259 3239 ceteris
2280 3191 2437 3255 lociS‚
2474 3190 2569 3239 ubi
2604 3189 2618 3207 ‘
2640 3185 2881 3255 expedit'

580 3282 696 3331 sine
731 3280 898 3330 dubio
930 3280 1195 3345 significat
1233 3275 1247 3294 ‘
1264 3278 1392 3329 utile
1428 3277 1547 3339 est',
1598 3285 1689 3327 aut
1726 3278 1974 3328 absolute
2012 3276 2297 3328 adhibetur
2333 3285 2421 3328 aut
2463 3294 2581 3327 cum
2618 3277 2881 3327 infinitiuo

578 3370 915 3419 coniunctum
953 3375 1049 3428 est,
1100 3369 1167 3419 cf.
1204 3368 1447 3420 indicem.
1485 3370 1544 3417 in
1583 3374 1636 3416 te
1664 3368 1879 3431 pendit,
1917 3364 2138 3431 (pendit
2167 3383 2263 3431 pro
2293 3364 2547 3433 pendet)t
2586 3366 2730 3431 quod
2769 3379 2889 3428 gra·

577 3460 697 3509 uius
733 3458 933 3523 pendet
966 3458 1023 3507 in
1057 3457 1210 3518 libra,
1251 3457 1362 3507 eius
1400 3455 1524 3505 lanx
1565 3453 1907 3520 deprimitur:
1948 3454 2023 3503 ita
2058 3452 2173 3503 fieri
2209 3460 2405 3518 potest,
2442 3460 2499 3503 ut
2527 3450 2539 3467 ‘
2560 3452 2792 3518 pendere
2827 3452 2884 3501 in

580 3545 746 3612 alqm'
800 3547 941 3596 idem
990 3547 1100 3595 fere
1149 3546 1217 3595 sit
1266 3555 1423 3609 atque
1463 3543 1747 3593 ‘inclinare
1786 3542 1853 3591 ad
1893 3537 2079 3606 alqm'.
2132 3570 2203 3578 --
2273 3542 2350 3594 10.
2393 3542 2583 3610 dubito
2621 3556 2689 3589 an
2726 3539 2888 3588 corri-

581 3636 808 3699 gendum
841 3634 907 3683 sit
937 3636 1242 3698 paenitebit
1276 3640 1349 3692 te;
1387 3647 1508 3680 cum
1543 3638 1720 3681 tamen
1759 3630 1847 3694 qui
1887 3629 2017 3678 dixit
2033 3632 2342 3693 poeniteris
2374 3627 2513 3696 (uid.
2542 3628 2690 3696 ind.),
2730 3627 2888 3676 facile

583 3723 737 3773 etiam
776 3723 954 3772 dicere
988 3721 1217 3788 potuerit
1243 3723 1496 3786 poenites
1536 3727 1602 3779 te,
1641 3734 1739 3785 pro
1776 3723 1923 3767 certo
1947 3716 2082 3766 nihil
2120 3716 2519 3767 adfirmauerim.
2569 3717 2637 3764 ad
2675 3721 2888 3764 senten·

582 3812 703 3861 tiam
758 3811 848 3862 cfr.
886 3810 1042 3861 Firm.
1083 3810 1209 3860 Mat.
1250 3808 1298 3868 3,
1339 3809 1387 3867 3,
1428 3807 1461 3858 6
1497 3808 1686 3875 saciet
1731 3809 1872 3855 enim
1921 3804 2191 3872 infelices,
2242 3804 2483 3871 infames
2520 3810 2575 3852 et
2605 3804 2890 3861 erraticos,

583 3903 682 3965 qui
713 3901 922 3952 scilicet
968 3903 1026 3947 in
1076 3914 1185 3946 uno
1230 3912 1512 3961 nunquam
1551 3897 1777 3959 possint
1807 3896 2103 3943 consistere
2148 3895 2276 3944 loco.
2328 3919 2399 3928 —
2459 3892 2541 3942 ll.
2582 3889 2782 3939 scilicet
2819 3889 2891 3939 ad

583 3988 816 4040 amicum,
842 3986 932 4036 uel
969 3987 1144 4035 simile
1181 3985 1408 4051 aliquid3
1448 3985 1544 4035 cfr.
1586 3984 1635 4043 3,
1678 3981 1762 4035 12.
1798 4011 1871 4018 —-
1912 3969 1994 4034 12.
2048 3981 2138 4031 cfr.
2187 3980 2307 4031 cod.
2347 3980 2495 4030 Mon.
2536 3979 2572 4029 f.
2615 3977 2745 4029 106ιι
2794 3977 2895 4030 VJ.

596 4076 682 4127 VI.
720 4076 858 4124 IIII
886 4083 1030 4126 recte
1058 4077 1209 4140 quod
1245 4076 1475 4138 cogitas.
1513 4075 1632 4122 noli
1667 4076 1857 4122 timere
1865 4088 1884 4135 ,-
1943 4071 2147 4119 tenebis
2184 4069 2332 4132 quod
2366 4067 2646 4115 desideras
2683 4072 2739 4114 et
2761 4074 2892 4130 pos-

581 4166 783 4215 sidebis
818 4167 967 4214 illud
991 4166 1144 4229 ‘quod
1182 4170 1355 4228 optas.

780 4254 882 4311 ΙΙΙ,
919 4253 951 4303 2
989 4253 1083 4302 cfr.
1111 4254 1160 4311 7,
1184 4252 1218 4302 6
1255 4258 1309 4300 et
1326 4251 1472 4303 Astr.
1493 4250 1582 4317 64,
1603 4249 1639 4302 5
1676 4247 1777 4300 ἐὰν
1814 4244 2163 4312 συναλλάξῃς
2184 4242 2381 4310 ἑτέρῳ,
2424 4238 2797 4307 ὠφεληθήσῃ.
2817 4267 2893 4275 —-

585 4341 634 4392 3.
671 4341 832 4390 mirus
870 4348 952 4391 est
991 4343 1090 4390 sed
1121 4339 1409 4406 particulae
1444 4337 1591 4404 usus,
1642 4336 1735 4402 qui
1772 4342 1950 4384 tamen
1986 4335 2043 4382 in
2079 4333 2182 4381 hoc
2218 4330 2509 4380 litterarum
2547 4342 2741 4392 genere
2782 4327 2892 4413 sol-

583 4429 773 4479 lemnis
810 4446 927 4480 esse
961 4430 1189 4494 uidetur,
1227 4428 1321 4480 cfr.
1356 4425 1444 4493 51,
1483 4426 1518 4477 6
1556 4424 1719 4475 Firm.
1757 4424 1889 4474 Mat.
1929 4422 1981 4487 6,
2020 4422 2084 4472 31
2126 4436 2179 4485 p.
2221 4416 2323 4469 180
2360 4419 2604 4466 latrones
2630 4415 2897 4485 perficiet

582 4520 681 4568 sed
713 4523 810 4586 qui
846 4520 1183 4587 frequenter
1219 4518 1475 4566 *humano
1528 4516 1810 4576 sanguine
1864 4514 2241 4573 cruententur,
2299 4504 2492 4554 similia
2549 4502 2779 4568 saepius·
2823 4530 2892 4541 —-
