3290 5308
1446 516 1767 569 ...5.-

467 697 745 754 dominus.
834 694 974 768 213,
1021 693 1129 752 23:
1181 691 1310 749 III
1342 697 1453 748 loto
1508 692 1703 748 animo
1756 698 1806 748 te
1848 691 2165 767 adfilt‘aut't.
2257 694 2399 761 214,
2446 693 2554 751 22:
2608 690 2777 748 IIII

463 797 644 873 fingit
684 798 747 852 z‘n
780 794 1204 870 promzl‘tendo,·
1241 811 1377 849 nam
1426 812 1539 849 non
1585 799 1638 849 te
1683 792 1999 867 adfilz'abz't.
2323 784 2327 787 Α

666 880 843 956 Haec
909 896 1003 953 lex
1058 912 1168 969 per
1220 911 1436 952 omnes
1508 893 1632 952 fere
1700 894 1833 951 libri
1895 894 2183 968 reliquias
2248 893 2576 952 obseruata
2644 902 2765 971 est3

464 1001 677 1076 paucis
725 1000 873 1056 locis
917 997 1138 1054 librarii
1192 996 1374 1071 culpa
1414 996 1744 1071 paullulum
1802 996 2079 1053 turbatus
2125 1005 2220 1054 est
2260 997 2433 1064 ordo,
2488 995 2657 1053 uelut
2701 996 2763 1052 in

462 1100 584 1158 hoc
627 1102 780 1178 ipsu,
827 1100 995 1174 quod
1041 1098 1315 1155 ultimum
1362 1098 1673 1173 proposui,
1736 1098 2013 1174 exemplo
2074 1099 2136 1154 in
2181 1097 2515 1155 dodecade
2565 1097 2760 1173 prima

465 1202 636 1277 quod
679 1201 1058 1277 respondeat
1100 1199 1242 1257 huie
1287 1199 1481 1275 seriei,
1525 1215 1655 1256 non
1697 1198 1848 1255 VIII
1895 1208 1963 1255 ut
2005 1207 2270 1274 oportet,
2319 1199 2434 1255 sed
2478 1197 2595 1255 VII
2625 1198 2760 1256 loco

462 1303 729 1377 positum
770 1310 866 1360 est
903 1296 1073 1375 (207,
1122 1302 1186 1360 3:
1255 1300 1383 1357 VII
1401 1300 1555 1357 hunc
1583 1318 1800 1357 annum
1846 1301 2116 1376 [multum
2143 1295 2488 1374 gaudebam
2532 1297 2765 1355 habebis

462 1404 610 1460 enim
656 1406 680 1480 Ι,
682 1403 936 1482 fructus
982 1398 1217 1475 bonos'l).
1305 1402 1408 1458 ubi
1461 1410 1688 1475 tamen,
1745 1418 1885 1459 cum
1930 1400 2100 1476 quod
2139 1401 2458 1476 praecedit
2506 1417 2762 1476 respon-

461 1523 594 1563 sum
638 1506 724 1563 VI
782 1513 994 1582 aperte
1037 1505 1341 1579 pertineat
1386 1503 1469 1560 ad
1514 1503 1732 1561 seriem
1779 1506 1835 1575 2,
1872 1506 1929 1563 7.
1975 1505 2032 1579 3,
2058 1504 2096 1561 8
2153 1511 2294 1573 ete.,
2351 1501 2614 1559 dubitari
2658 1518 2761 1559 ne·

460 1609 610 1685 quit,
676 1607 825 1683 quin
886 1607 1159 1664 librarius
1210 1606 1609 1680 neglegenter
1664 1605 1961 1663 festinans
2022 1605 2354 1679 genuinum
2402 1620 2763 1678 responsum

461 1709 575 1766 VII
620 1707 908 1774 omiserit,
952 1708 1116 1781 quod
1165 1706 1421 1764 fortasse
1466 1707 1638 1780 quasi
1683 1705 1799 1762 XII
1842 1701 2139 1765 addiditl.
2185 1722 2310 1763 uno
2352 1713 2595 1762 tantum
2626 1704 2763 1762 loco

462 1828 520 1885 p.
573 1809 708 1869 199.
758 1810 881 1869 200
933 1808 1322 1866 dodecadum
1384 1808 1566 1865 sedes
1623 1816 2040 1866 commutatae
2096 1817 2269 1876 sunt,
2334 1816 2401 1866 ut
2466 1825 2543 1866 ea
2604 1825 2764 1883 quae

464 1912 782 1986 praecedit
835 1912 1055 1969 eadem
1114 1928 1410 1985 responsa
1476 1919 1540 1966 et
1601 1927 1726 1967 uno
1785 1911 2045 1968 maiores
2104 1926 2388 1968 numeros
2445 1909 2764 1968 contineat

465 2030 650 2088 quam
693 2031 853 2088 quae
901 2014 1201 2089 sequitur3
1258 2014 1370 2070 sed
1422 2011 1544 2069 hoc
1599 2029 1851 2088 quoque
1903 2012 2143 2069 librario
2189 2013 2579 2072 tribuendum
2624 2028 2761 2068 esse

365 2112 371 2117 ’
462 2114 619 2173 infra
661 2116 998 2191 apparebit,
1056 2115 1160 2172 ubi
1205 2133 1328 2190 quo
1374 2116 1510 2172 loco
1565 2115 1682 2172 toti
1726 2115 1899 2189 operi
1943 2114 2082 2172 illae
2130 2114 2389 2190 paginae
2438 2114 2557 2171 sint
2598 2115 2760 2170 inse·

460 2219 710 2289 rendae,
757 2226 1122 2295 exponetur.

662 2318 732 2375 In
774 2328 992 2394 aperto
1021 2329 1120 2377 est
1150 2328 1449 2393 quantum
1493 2318 1611 2376 hac
1640 2319 2075 2376 obseruatione
2119 2319 2416 2376 lucremur
2460 2319 2537 2375 ad
2582 2316 2762 2374 resti-

461 2422 757 2478 tuendam
808 2414 1162 2478 uniuers'am
1226 2421 1611 2478 oraculorum
1673 2419 2125 2493 collectionem3
2193 2419 2541 2494 ubicunque
2603 2419 2763 2476 enim

459 2522 521 2578 in
553 2520 708 2578 foliis
737 2521 995 2578 diuersis
1024 2522 1306 2578 eiusdem
1343 2521 1582 2596 generis
1626 2537 1922 2595 responsa
1968 2521 2202 2578 eodem.
2235 2521 2451 2577 ordine
2482 2537 2548 2576 se
2596 2519 2760 2576 exci-

461 2622 691 2698 pientia
722 2622 1128 2696 inueniuntur,
1154 2622 1276 2680 iam
1300 2621 1577 2679 facillime
1606 2639 1685 2678 ex
1706 2621 1966 2680 seruatis
1998 2638 2435 2699 responsorum
2470 2620 2758 2698 numeriS,

466 2731 618 2797 quot
658 2723 1074 2781 interciderint
1118 2723 1497 2793 dodecadeS,
1546 2722 1835 2781 concludi
1873 2731 2096 2799 potest.

670 2824 1130 2884 Proficiscamur
1177 2825 1255 2883 ab
1300 2826 1521 2884 eadem
1574 2826 1674 2883 illa
1720 2825 2004 2884 foliorum
2049 2827 2227 2904 serie,
2271 2844 2344 2884 ex
2400 2842 2523 2900 qua
2579 2841 2763 2899 supra

464 2925 848 3002 eligebantur
889 2929 1181 3002 exempla.
1228 2928 1444 2986 ultima
1486 2928 1659 2985 cuius
1705 2927 1940 2985 initium
1985 2927 2055 2984 iis
2106 2928 2451 2985 continetur
2481 2925 2758 2984 dodecas

414 3030 545 3113 ,10
586 3024 668 3102 (p.
718 3029 858 3096 214,
912 3033 983 3088 16
1032 3028 1139 3102 SS.)
1196 3029 1404 3104 incipit
1450 3047 1485 3087 a
1542 3046 1840 3103 responso
1887 3023 1986 3105 (1),
2047 3046 2170 3102 quo
2226 3028 2423 3102 agitur
2453 3028 2559 3083 de
2612 3044 2759 3084 con·

464 3129 860 3186 demnatione
904 3129 1057 3197 eius,
1126 3130 1231 3204 qui
1281 3131 1592 3188 oraculum
1636 3130 1794 3197 adit;
1871 3129 2140 3206 sequitur
2202 3145 2563 3203 responsum
2629 3123 2758 3206 (11),

461 3246 581 3304 quo
626 3229 937 3305 appellare
968 3231 1226 3289 iubetur.
1274 3233 1356 3289 ad
1401 3233 1657 3289 easdem
1702 3230 2101 3307 quaestiones
2140 3230 2447 3307 pertinent
2490 3224 2578 3305 (p.
2612 3223 2754 3305 193)

463 3329 807 3387 dodecadis
857 3334 928 3390 11
977 3336 1278 3407 responsa
1322 3331 1417 3388 XI
1440 3339 1504 3389 et
1530 3331 1662 3401 XII,
1709 3341 1770 3389 et
1814 3332 1898 3388 ita
1930 3332 2178 3406 quidem
2226 3341 2292 3389 ut
2345 3332 2439 3408 ll,
2467 3332 2542 3389 12
2571 3331 2757 3407 plane

461 3431 629 3487 idem
666 3430 744 3487 sit
788 3447 861 3489 ac
890 3433 985 3500 10,
1015 3435 1080 3503 23
1129 3450 1267 3489 cum
1310 3434 1489 3508 igitur
1528 3434 1950 3508 respondeant
1992 3433 2152 3490 inter
2195 3450 2263 3490 se
2308 3433 2492 3500 dicta,
2536 3432 2755 3509 quibus

460 3531 795 3606 praepositi
840 3540 979 3590 sunt
1023 3535 1256 3591 numeri
1304 3534 1332 3590 I
1378 3542 1440 3590 et
1483 3534 1586 3604 XI,
1632 3532 1690 3590 II
1734 3542 1799 3591 et
1845 3533 1978 3605 XII,
2025 3534 2390 3607 intellegitur
2433 3532 2592 3590 inter
2642 3533 2756 3590 do·

460 3632 734 3689 decades
785 3633 866 3691 10
904 3641 969 3689 et
1017 3636 1087 3692 11
1145 3634 1525 3692 intercidisse
1577 3651 1805 3691 nouem
1850 3634 2236 3703 dodecadeS‚
2282 3634 2413 3691 siue
2454 3650 2590 3690 cum
2644 3633 2757 3690 do-

459 3733 717 3791 decadis
762 3734 1042 3792 decimae
1087 3737 1266 3794 tertia
1308 3743 1547 3793 tantum
1591 3754 1751 3811 parS,
1807 3737 2172 3794 undecimae
2217 3735 2430 3793 ultima
2473 3742 2616 3792 octo
2662 3752 2754 3791 re·

458 3852 685 3910 sponsa
728 3845 974 3893 seruata
1020 3837 1158 3907 sint,
1226 3838 1385 3894 inter
1436 3837 1693 3912 paginas
1752 3834 1876 3897 214
1928 3847 1991 3894 et
2053 3838 2170 3896 193
2232 3835 2485 3912 periisse
2538 3837 2756 3893 decem

457 3936 836 3996 dodecades,

659 4202 682 4240 1
716 4208 852 4256 Eum
894 4208 1064 4256 solum
1100 4223 1358 4273 responsa
1396 4209 1503 4258 VII
1525 4214 1576 4257 et
1613 4208 1752 4257 VIII
1790 4206 1928 4257 inter
1965 4223 2020 4256 se
2049 4205 2451 4257 commutavisse
2478 4216 2757 4272 propterea

459 4293 544 4341 uix
581 4302 775 4358 putem,
822 4295 940 4360 quia
978 4299 1236 4349 obtinebis
1275 4313 1322 4347 u.
1370 4295 1432 4345 10
1494 4295 1560 4345 ad
1602 4296 1824 4344 eandem
1882 4295 2069 4345 seriem
2125 4296 2388 4360 pertinere
2437 4295 2646 4343 uidetur
2695 4309 2754 4343 ac

456 4377 508 4444 2,
542 4381 605 4432 12
619 4397 633 4439 ;
672 4379 805 4431 illud
845 4385 1100 4433 obtinebis
1139 4392 1311 4450 autem
1350 4399 1602 4450 responso
1642 4385 1700 4432 X
1740 4384 2029 4433 dodecadis
2066 4384 2263 4449 primae
2303 4383 2639 4432 tribuendum
2679 4389 2756 4431 est

458 4468 607 4532 (uide
647 4470 1035 4520 adnotationem
1073 4473 1138 4520 ad
1178 4472 1314 4522 hunc
1349 4472 1568 4540 locum),
1614 4474 1688 4522 ita
1737 4481 1795 4521 ut
1841 4473 1928 4521 hic
1971 4487 2182 4537 quoque
2232 4471 2418 4520 eadem
2460 4472 2524 4519 sit
2562 4479 2754 4536 pertur-

453 4557 598 4607 batio
637 4574 771 4624 quae
809 4573 979 4624 supra.
