3290 5308
642 1100 1122 1178 Antiquissimae
1166 1097 1312 1157 huic
1357 1097 1613 1156 sortium
1677 1096 1997 1156 latinarum
2047 1096 2396 1156 collectioni
2440 1119 2568 1157 non
2612 1100 2745 1160 sine

442 1202 638 1260 fructu
672 1203 867 1259 subici
914 1210 1066 1277 puto
1116 1219 1298 1278 unam
1347 1219 1423 1257 ex
1461 1199 1911 1268 recentissimiS‚
1958 1201 2225 1258 alearum
2271 1209 2466 1258 sortes
2514 1203 2746 1259 codicis

441 1304 832 1362 Monacensis
883 1305 1105 1371 14846,
1155 1320 1409 1378 quarum
1456 1301 1575 1358 iam
1622 1319 1804 1376 supra
1845 1320 1905 1376 p.
1950 1303 2026 1359 12
2070 1309 2132 1358 et
2169 1302 2398 1376 passim
2440 1302 2502 1359 in
2547 1305 2744 1362 adno-

442 1405 776 1462 tationibus
808 1405 1187 1462 mentionem
1233 1403 1367 1461 feci.
1437 1421 1622 1459 unam
1655 1421 1731 1458 ex
1772 1402 2201 1460 recentissimis
2233 1422 2371 1460 earn
2415 1404 2576 1481 dico,
2619 1422 2747 1463 non

442 1525 563 1582 quo
607 1514 817 1581 putem
882 1504 1097 1560 similia
1141 1522 1268 1560 non
1323 1503 1622 1560 contineri
1669 1504 1731 1559 in
1796 1503 1958 1560 libris
2004 1521 2191 1560 manu
2236 1504 2476 1579 scriptis
2523 1506 2747 1563 aetatis

441 1605 801 1682 posterioris
850 1636 919 1644 ——
979 1603 1230 1661 saeculo
1276 1604 1334 1659 X
1383 1604 1481 1660 uel
1528 1603 1615 1660 XI
1663 1604 1864 1661 codex
1910 1605 2006 1661 ille
2053 1604 2444 1662 Monacensis
2492 1607 2748 1681 scriptus

442 1716 534 1765 est
570 1739 666 1783 ——,
715 1705 828 1763 sed
874 1705 1017 1779 quia
1062 1712 1188 1760 tam
1219 1702 1451 1760 futtiles
1497 1704 1552 1760 in
1607 1721 1683 1761 ea
1725 1704 2115 1761 inueniuntur
2158 1706 2593 1764 sententiarum
2642 1726 2748 1764 an-

446 1807 696 1881 tiquitus
744 1806 1103 1880 traditarum
1157 1805 1469 1881 reliquiae,
1540 1813 1607 1862 ut
1654 1805 1904 1862 dubium
1955 1823 2091 1862 esse
2145 1825 2270 1863 non
2315 1808 2527 1882 possit,
2599 1809 2747 1883 quin
2803 1796 2818 1809 ⁹

448 1907 507 1964 in
557 1908 677 1965 fine
725 1907 901 1964 seriei
947 1907 1248 1964 eiusmodi
1294 1907 1630 1964 litterarum
1675 1907 1794 1966 hae
1842 1917 2036 1965 sortes
2083 1909 2203 1965 sint
2245 1912 2596 1984 ponendae.

641 2009 862 2082 Locos,
906 2009 1126 2083 quibus
1172 2018 1453 2065 seruatur
1499 2017 1678 2066 uetus
1721 2027 1916 2083 genus
1965 2010 2230 2079 dicendi,
2284 2011 2467 2085 quale
2510 2012 2571 2068 in
2618 2029 2745 2068 sor-

444 2111 604 2167 tibus
650 2109 1146 2184 Sangallensibus
1191 2111 1484 2167 usitatum
1530 2119 1644 2182 est,
1703 2129 1780 2167 ex
1826 2111 2331 2169 adnotationibus
2376 2112 2469 2169 his
2515 2113 2743 2170 additis

443 2220 725 2288 repetere
769 2228 1023 2286 possum
1070 2212 1774 2286 supersedere;,contra
1820 2213 2202 2268 monendum
2248 2221 2343 2270 est
2386 2213 2557 2269 haud
2599 2231 2746 2288 pau-

446 2332 652 2372 carum
713 2313 1158 2370 sententiarum
1223 2312 1680 2387 imaginumque
1736 2313 2143 2371 adhibitarum
2210 2331 2516 2371 consensu
2580 2315 2746 2372 artis-

447 2416 600 2474 sime
646 2416 889 2473 conecti
934 2421 1131 2470 sortes
1176 2412 1588 2471 Monacenses
1633 2433 1773 2471 cum
1820 2416 2103 2490 sortibuS,
2157 2422 2218 2471 et
2263 2414 2408 2490 ipsis
2454 2416 2742 2491 alearum,

444 2535 604 2592 quae
659 2535 733 2572 ex
787 2515 1029 2573 schedis
1077 2515 1239 2571 Petri
1280 2513 1517 2572 Pithoei
1573 2517 1785 2573 editae
1843 2525 1986 2573 sunt
2039 2517 2101 2573 in
2155 2515 2426 2574 editione
2473 2516 2744 2575 Parisina

446 2617 590 2675 anni
655 2618 814 2675 1687
880 2614 1128 2674 Codicis
1183 2614 1506 2675 Canonum
1564 2617 1882 2677 Ecclesiae
1942 2618 2264 2677 Romanae
2322 2636 2358 2675 a
2415 2618 2742 2678 Francisco

445 2718 702 2775 Pithoeo
748 2718 1011 2775 restituti
1054 2736 1114 2793 p.
1168 2721 1286 2778 170
1329 2714 1461 2788 ss,¹‚
1514 2738 1772 2794 quarum
1819 2720 2143 2778 simillimas
2192 2720 2489 2778 contineri
2534 2720 2596 2777 in
2643 2738 2747 2778 co-

445 2823 583 2879 dice
628 2820 965 2879 Matritensi
1009 2821 1153 2878 bibl.
1201 2830 1329 2879 nat.
1376 2821 1426 2878 L
1473 2823 1551 2880 95
1599 2823 1851 2880 saeculo
1897 2822 1959 2879 X
2015 2823 2079 2879 in
2128 2821 2462 2879 Germania
2521 2821 2748 2897 scripto

416 2926 735 2980 ‘docemur
780 2942 817 2981 a
863 2922 939 2984 G.
987 2918 1269 2982 Loewe2.
1339 2923 1584 2998 singulis
1642 2925 1908 2981 sortibus
1955 2924 2427 2980 Monacensibus
2485 2923 2749 2980 adiciam

441 3024 831 3092 PithoeanaS,
876 3024 980 3081 ubi
1023 3025 1108 3081 ita
1138 3024 1251 3081 illis
1296 3025 1695 3099 respondent,
1742 3033 1809 3081 ut
1839 3033 1946 3080 aut
1981 3042 2268 3094 conexus,
2315 3026 2416 3099 qui
2452 3033 2546 3081 est
2593 3024 2753 3081 inter

439 3138 763 3203 utramque
808 3129 1251 3198 collectionem,
1326 3130 1488 3186 clare
1533 3128 1863 3185 illustretur
1916 3136 2021 3184 aut
2075 3127 2536 3202 comparatione
2582 3126 2750 3183 insti·

439 3238 572 3287 tuta
640 3231 1099 3287 demonstretur
1142 3230 1314 3299 rati0‚
1383 3247 1502 3305 qua
1563 3231 1884 3286 sanandae
1929 3229 2050 3286 sint
2094 3236 2291 3287 sortes
2335 3228 2748 3285 Monacenses

439 3329 774 3386 miserrime
821 3331 1104 3389 traditae.

642 3427 740 3486 Ita
771 3430 932 3486 enim
963 3430 1081 3486 hae
1129 3448 1319 3506 saepe
1365 3441 1508 3489 sunt
1538 3432 1945 3502 deformatae,
1991 3441 2059 3489 ut
2101 3431 2374 3507 intellegi
2414 3432 2596 3506 plane
2642 3448 2745 3487 ne-

441 3537 690 3605 queant,
744 3547 947 3605 neque
991 3530 1166 3588 huius
1213 3533 1296 3589 rei
1344 3533 1526 3607 culpa
1572 3533 1683 3589 soli
1725 3533 1945 3592 librarii
1992 3533 2370 3591 festinationi
2414 3533 2746 3590 tribuenda

439 3641 551 3701 est,
598 3632 715 3689 sed
743 3633 998 3689 multum
1028 3633 1214 3690 etiam
1259 3635 1342 3691 ad
1373 3651 1510 3691 eam
1552 3636 1881 3693 contulisse
1913 3636 2154 3694 uidetur
2195 3635 2347 3693 mira
2378 3635 2482 3692 illa
2523 3634 2746 3692 harum

641 3794 664 3833 1
698 3800 826 3848 Non
874 3796 1202 3848 intellexisse
1249 3799 1458 3848 uidetur
1493 3799 1755 3849 Pithoeus
1805 3801 1990 3850 harum
2036 3800 2255 3851 sortium
2288 3800 2566 3865 rationem,
2625 3814 2744 3848 cum

437 3901 704 3948 numerOS,
745 3888 940 3953 quibus
979 3887 1342 3950 significantur
1380 3889 1514 3937 uarii
1550 3888 1782 3939 alearum
1818 3888 2007 3954 iactuS‚
2059 3904 2163 3939 non
2202 3894 2306 3937 tam
2344 3888 2400 3936 in
2435 3887 2583 3936 initio
2625 3901 2743 3935 sen·-

440 3975 716 4025 tentiarum
753 3992 909 4041 quam
944 3977 1001 4025 in
1028 3976 1130 4026 fine
1169 3977 1594 4027 antecedentium
1619 3984 1873 4043 poneret;
1912 3993 2085 4043 neque
2112 3976 2277 4040 magis
2316 3991 2428 4025 eam
2455 3974 2744 4041 perspexit,

439 4063 532 4127 qui
570 4062 939 4114 collectionem
979 4064 1329 4114 Pithoeanam
1381 4065 1570 4115 iterum
1621 4067 1762 4132 typis
1809 4066 2195 4131 exprimendam
2243 4065 2439 4114 curauit
2486 4080 2588 4113 una
2627 4079 2744 4112 cum

439 4152 670 4201 sortibus
725 4153 1085 4216 persimilibus
1136 4153 1317 4217 lingua
1368 4155 1681 4220 prouinciali
1728 4155 1952 4220 scriptiS,
2015 4155 2076 4204 F.
2121 4155 2425 4220 Rocquain,
2482 4153 2623 4202 Bibl.
2678 4152 2747 4202 de

438 4238 632 4289 l’ecole
672 4240 765 4289 des
800 4241 1006 4292 chartes
1041 4242 1176 4291 XLI
1212 4241 1396 4306 (1880)
1437 4258 1488 4309 p.
1526 4242 1632 4296 457
1672 4260 1762 4305 ss„
1804 4244 1925 4294 uide
1956 4245 2175 4294 maxime
2212 4260 2263 4309 p.
2302 4241 2424 4295 463.

636 4323 661 4362 2
701 4328 1059 4392 Sitzungsber.
1112 4331 1164 4382 d.
1204 4331 1257 4381 k.
1296 4331 1474 4383 Akad.
1523 4331 1619 4380 der
1656 4331 1824 4383 Wiss.
1864 4331 2047 4381 Wien.
2088 4330 2389 4396 phil.-hist.
2430 4330 2510 4382 Cl.
2550 4329 2740 4380 CXIII

432 4414 622 4483 (1886)
659 4434 711 4482 p.
750 4416 857 4469 234
892 4434 960 4471 ss,
999 4434 1107 4468 non
1146 4420 1366 4469 eandem
1408 4435 1527 4470 esse
1566 4419 1946 4470 collectionem
1986 4436 2046 4469 ac
2083 4420 2428 4470 Pithoeanam
2468 4419 2742 4469 contendit

433 4507 640 4574 Loevjre,
684 4522 820 4573 quae
858 4508 1061 4574 profert
1103 4509 1394 4574 specimina
1431 4509 1496 4560 ad
1536 4510 1754 4560 uerbum
1795 4510 1907 4559 fere
1946 4510 2283 4560 consentiunt
2321 4492 2439 4560 cum
2480 4507 2587 4564 illa.
