3290 5308
1496 456 1815 510 ..3.-

497 649 804 691 conexum
851 649 990 688 curn
1034 631 1234 706 priore
1285 631 1538 706 illorum,
1596 649 1756 707 quae
1800 639 1941 707 post
1985 650 2043 707 p.
2094 633 2214 690 294
2264 630 2798 700 desiderabantur,

499 734 757 792 alterum
787 731 1018 790 deinde
1050 731 1260 789 folium
1302 731 1584 790 inseritur
1626 731 1785 790 inter
1827 751 1882 808 p.
1910 735 2029 793 206
2056 740 2121 790 et
2146 734 2287 800 293,
2333 734 2506 811 quod
2535 748 2789 809 respon-

500 835 652 893 deat
695 834 794 902 illi,
843 834 1013 908 quod
1055 833 1211 890 inter
1252 851 1312 908 p.
1361 835 1480 893 276
1537 841 1600 891 et
1647 834 1763 892 215
1825 834 2185 892 addendum
2233 834 2360 907 fuit,
2417 835 2534 892 iam
2595 851 2799 892 nouus

499 936 812 994 restitutus
857 942 952 995 est
979 934 1295 1009 quaternio
1310 929 1349 995 ¹.

632 1050 638 1055 ’
702 1036 834 1094 Iam
875 1052 1025 1095 uero
1073 1036 1124 1093 si
1166 1035 1380 1110 uiginti
1418 1044 1707 1110 quattuor
1751 1036 1897 1095 folia
1943 1038 2099 1095 inter
2144 1054 2210 1094 se
2265 1037 2595 1112 excipiunt,
2641 1053 2801 1111 quae

499 1146 640 1214 apte
686 1138 881 1196 diuidi
924 1145 1183 1212 possunt
1234 1138 1296 1196 in
1352 1146 1473 1196 tres
1517 1140 1970 1213 quaternioneS,
2018 1156 2200 1197 nemo
2244 1138 2432 1197 homo
2478 1155 2665 1196 sanus
2710 1139 2795 1195 ita

498 1239 775 1298 diuidere
820 1237 1145 1314 praeferet,
1191 1246 1260 1296 ut
1305 1238 1532 1296 diuersi
1575 1239 1839 1296 ambitus
1883 1239 2063 1297 libelli
2093 1241 2387 1314 euadant,
2440 1257 2577 1297 cum
2618 1257 2794 1314 prae-

497 1341 709 1399 sertim
753 1340 1002 1398 aliunde
1061 1339 1180 1397 iam
1238 1348 1483 1398 constet
1543 1341 1980 1415 quaterniones
2043 1340 2300 1398 inueniri
2366 1341 2429 1397 in
2485 1357 2563 1398 eo
2620 1339 2792 1415 libro,

495 1443 601 1520 qui
642 1441 1056 1501 restituendus
1100 1449 1215 1499 est.

698 1543 961 1601 Restant
1006 1543 1133 1600 duo
1182 1542 1328 1601 folia
1373 1545 1515 1603 203.
1559 1545 1681 1603 204
1727 1551 1788 1600 et
1837 1546 1975 1605 217.
2024 1545 2165 1617 218,
2218 1561 2380 1619 quae
2409 1560 2611 1618 neque
2642 1545 2799 1600 inter
2874 1562 2890 1583 ·

499 1663 569 1702 se
613 1639 814 1720 neque
872 1661 1010 1702 cum
1055 1643 1176 1701 ullo
1239 1662 1317 1703 ex
1381 1645 1452 1701 iis
1513 1644 2039 1719 quaternionibuS,
2106 1644 2212 1720 qui
2275 1645 2463 1701 modo
2533 1645 2797 1702 restituti

499 1754 662 1814 sunt,
707 1745 991 1822 coniungi
1036 1755 1314 1821 possunt.
1402 1746 1677 1822 sequitur
1733 1747 2092 1805 dodecades
2156 1754 2317 1803 totas
2363 1746 2690 1804 duodecim
2737 1755 2800 1804 et

501 1865 802 1924 responsa
846 1847 1133 1906 undecim
1178 1847 1518 1906 dodecadis
1567 1849 1648 1907 49
1696 1856 1758 1904 et
1802 1864 2098 1923 responsa
2144 1848 2409 1922 quinque
2455 1848 2796 1906 dodecadis

501 1951 583 2010 50
627 1950 785 2007 inter
826 1967 883 2024 p.
913 1949 1033 2008 204
1080 1955 1142 2006 et
1173 1950 1294 2008 217
1339 1949 1618 2023 periisse;
1668 1967 1813 2006 num
1855 1949 2045 2024 plura,
2095 1948 2359 2005 discerni
2403 1949 2634 2023 nequit.
2690 1950 2799 2006 de-

498 2059 640 2109 sunt
683 2052 863 2125 igitur
909 2050 1177 2125 quinque
1219 2050 1316 2107 uel
1360 2050 1532 2124 plura
1576 2049 1739 2111 folia.
1785 2050 1907 2107 iam
1953 2051 2002 2106 si
2051 2049 2150 2109 fol.
2182 2051 2321 2109 217.
2357 2050 2478 2109 218
2524 2050 2796 2108 ultimum

500 2150 614 2209 fuit
652 2151 861 2209 folium
907 2152 1342 2226 quaternioniS,
1401 2151 1502 2209 fol.
1546 2154 1687 2212 203.
1736 2154 1855 2210 204
1915 2152 2265 2209 necessario
2311 2159 2438 2209 tam
2481 2169 2674 2227 prope
2718 2153 2797 2210 ab

499 2251 631 2309 eius
677 2253 850 2311 initio
898 2254 1167 2329 positum
1217 2254 1349 2330 fuit,
1405 2262 1472 2311 ut
1531 2255 1581 2311 si
1634 2255 1732 2312 hic
1781 2254 2104 2329 quaternio
2154 2254 2318 2311 nullo
2373 2254 2799 2312 intercedente

498 2363 858 2429 sequeretur
892 2373 1085 2413 unum
1128 2372 1203 2412 ex
1246 2356 1340 2424 iis,
1398 2373 1552 2431 quos
1604 2357 1723 2413 iam
1770 2356 2070 2422 nouimus,
2117 2356 2479 2413 necessario
2536 2354 2797 2413 futurum

500 2455 700 2529 fuerit,
767 2465 835 2514 ut
879 2473 1197 2532 responsa,
1264 2474 1422 2532 quae
1464 2474 1572 2515 eos
1620 2459 2083 2532 coniungerent,
2147 2457 2574 2515 inueniremus.
2639 2474 2798 2532 quae

498 2576 640 2615 cum
686 2558 909 2626 desint,
957 2559 1454 2617 concludendum
1498 2569 1594 2616 est
1637 2561 1851 2634 utique
1896 2561 2051 2618 duos
2077 2560 2512 2634 quaterniones
2556 2567 2801 2634 praeter

500 2661 770 2737 quinque
816 2661 965 2737 illos,
1009 2662 1110 2737 qui
1157 2680 1339 2737 supra
1378 2663 1638 2720 restituti
1665 2670 1825 2734 sunt,
1870 2663 2017 2720 olim
2048 2662 2373 2721 exstitisse.
2419 2662 2602 2738 plane
2633 2662 2799 2718 idem

500 2763 809 2833 efficiatur,
867 2764 919 2821 si
969 2764 1103 2838 quis
1158 2763 1328 2821 malit
1382 2773 1598 2838 putare
1651 2764 1807 2821 haec
1867 2764 2011 2823 folia
2053 2765 2486 2839 praecessisse,
2552 2772 2798 2821 nostros

497 2866 932 2940 quaterniones
977 2883 1117 2923 esse
1159 2866 1544 2926 subsecutos.
1591 2884 1729 2923 cum
1775 2883 1923 2923 uero
1955 2867 2141 2923 etiam
2171 2866 2330 2923 inter
2362 2865 2797 2940 quaterniones

496 2968 845 3025 secundum
891 2978 957 3024 et
998 2967 1262 3035 tertium,
1321 2966 1424 3041 qui
1481 2967 1772 3042 coniungi
1814 2968 1971 3025 inter
2028 2984 2096 3025 se
2139 2985 2268 3025 non
2311 2975 2589 3043 possunt,
2645 2983 2797 3024 unus

697 3248 719 3287 ¹
759 3252 1174 3303 Concedendum
1214 3259 1293 3302 est
1327 3252 1618 3302 litterarum
1640 3252 1824 3318 paullo
1867 3252 1988 3318 plus
2024 3252 2091 3301 iis
2109 3252 2252 3302 foliis
2291 3252 2461 3312 tribui,
2501 3266 2637 3317 quae
2664 3252 2799 3300 inter

496 3358 547 3406 p.
589 3339 696 3392 276
732 3348 784 3391 et
823 3340 927 3391 215
972 3346 1025 3389 et
1063 3340 1168 3391 206
1209 3340 1401 3393 et-293
1449 3340 1734 3390 inserenda
1779 3349 1910 3401 sunt,
1965 3357 2121 3407 quam
2164 3341 2473 3407 plerumque
2519 3356 2625 3389 uno
2669 3339 2797 3387 folio

498 3429 823 3494 continetur3
866 3435 916 3477 at
961 3428 1089 3478 bina
1112 3428 1243 3478 solia
1278 3429 1345 3478 iis
1384 3444 1517 3494 quae
1545 3430 1913 3478 desiderantur
1937 3429 2146 3496 impleri
2187 3446 2295 3479 non
2331 3435 2580 3495 possunt3
2620 3429 2798 3492 itaque

498 3532 617 3566 cum
667 3516 734 3566 de
774 3516 903 3565 totis
942 3523 1140 3565 tantum
1189 3516 1332 3565 foliis
1371 3516 1527 3566 liceat
1564 3518 1810 3580 cogitare,
1859 3518 1913 3566 in
1952 3517 2171 3580 singulis
2218 3517 2662 3582 acquiescendum
2702 3509 2796 3566 est.

497 3620 671 3686 new
720 3604 996 3671 quisquam
1044 3604 1156 3654 fieri
1203 3620 1308 3654 non
1356 3605 1593 3670 potuisse
1637 3613 1696 3654 ut
1736 3612 1840 3655 tres
1882 3606 2186 3654 dodecades
2235 3621 2341 3654 uno
2389 3595 2522 3654 folYo
2562 3604 2796 3654 contine-

496 3700 695 3753 rentur,
735 3693 1047 3759 contendet3
1083 3693 1138 3742 in
1179 3709 1282 3742 una
1310 3708 1521 3759 quaque
1546 3694 1735 3759 pagina
1757 3696 1962 3743 XXIV
2003 3701 2124 3743 sunt
2149 3710 2350 3754 uersus»,
2388 3694 2443 3743 in
2469 3693 2605 3742 folio
2642 3693 2799 3756 igitur

493 3797 601 3831 uno
628 3782 902 3840 XLVIII;
943 3791 1049 3831 tres
1089 3781 1396 3831 dodecades
1435 3798 1582 3847 uero,
1621 3783 1667 3831 si
1710 3782 1944 3846 singulos
1986 3788 2185 3832 tantum
2211 3798 2391 3832 uersus
2428 3796 2683 3847 responsa
2718 3797 2797 3831 re-

495 3870 703 3934 quirant
738 3897 809 3905 —-
851 3875 903 3918 et
939 3868 1067 3920 talia
1110 3885 1371 3936 responsa
1407 3871 1669 3935 permulta
1707 3878 1828 3920 sunt
1878 3900 1963 3929 —‚
2011 3871 2273 3920 XXXVI
2319 3870 2567 3937 expleant
2612 3885 2796 3921 uersus

495 3962 585 4006 aut
605 3957 943 4016 XXXVIII,
982 3959 1026 4006 si
1051 3958 1156 4007 duo
1180 3973 1366 4007 uersus
1392 3965 1772 4024 computantur,
1797 3959 1891 4025 qui
1919 3959 2219 4022 disiungant
2244 3958 2562 4024 dodecades;
2604 3966 2799 4009 restant

493 4045 654 4107 igitur
691 4045 751 4093 X
787 4061 971 4095 uersus
1024 4047 1222 4096 talibus
1279 4048 1566 4112 responsiS,
1625 4063 1761 4113 quae
1818 4048 1970 4096 unius
2026 4062 2211 4096 uersus
2265 4046 2480 4094 modum
2528 4048 2800 4098 excedant.

493 4132 634 4198 quod
672 4148 802 4183 uero
841 4134 1030 4184 attinet
1063 4135 1130 4183 ad
1170 4151 1419 4199 magnum
1454 4135 1607 4185 illum
1644 4136 1972 4186 dodecadum
2008 4151 2281 4185 numerum
2318 4134 2450 4200 (ΙΠΙ
2476 4141 2528 4184 et
2552 4135 2794 4185 trientem

493 4222 824 4289 dodecadis),
877 4223 968 4287 qui
1016 4224 1168 4273 deest
1218 4225 1356 4274 inter
1402 4240 1455 4290 p.
1493 4224 1598 4277 206
1649 4230 1702 4274 et
1746 4225 1804 4273 id
1842 4224 1988 4290 quod
2028 4231 2267 4273 seruatur
2306 4240 2359 4289 p.
2400 4221 2519 4284 294,
2573 4241 2681 4274 non
2720 4232 2797 4275 est

493 4310 921 4361 obliuiscendum
965 4320 1017 4361 et
1052 4314 1107 4362 in
1147 4314 1414 4379 superiore
1460 4314 1612 4363 huius
1650 4314 1874 4380 paginae
1926 4314 2157 4376 margine
2204 4312 2456 4363 nonnulla
2491 4314 2705 4378 periisse
2745 4321 2797 4363 et

493 4405 704 4465 praeter
749 4410 912 4449 unum
964 4400 1151 4451 folium
1204 4402 1270 4451 ad
1317 4403 1451 4451 hanc
1494 4402 1733 4452 lacunam
1782 4401 2099 4468 explendam
2149 4407 2315 4450 totam
2352 4416 2563 4468 quoque
2597 4419 2651 4468 p.
2691 4402 2795 4454 293

495 4495 706 4554 praesto
747 4503 879 4557 esse,
917 4488 973 4537 in
1010 4505 1111 4554 qua
1149 4505 1215 4538 ne
1255 4506 1359 4539 una
1390 4489 1605 4555 quidem
1639 4490 1816 4539 littera
1851 4490 2014 4539 hodie
2050 4490 2159 4553 legi
2196 4496 2386 4556 potest.
