3290 5308
1386 470 1449 480 ..
1525 442 1735 530 45‘...

623 1227 874 1286 Exsistit
920 1230 1221 1304 quaestio,
1282 1248 1427 1289 num
1469 1231 1620 1308 quid
1666 1229 1858 1306 possit
1901 1228 2062 1288 effici
2107 1230 2189 1288 de
2232 1237 2529 1306 tempore,
2596 1248 2719 1306 quo

422 1326 539 1386 hae
594 1337 790 1387 sortes
849 1331 1235 1406 conscriptae
1295 1332 1432 1390 sint.
1493 1313 1869 1407 posteriores
1929 1347 2037 1389 eas
2089 1347 2217 1389 non
2272 1349 2412 1390 esse
2472 1332 2719 1390 saeculo

423 1438 599 1487 sexto
633 1429 865 1487 formae
903 1431 1255 1501 litterarum,
1304 1433 1522 1506 quibus
1553 1440 1841 1490 exaratus
1870 1439 1966 1489 est
2003 1433 2219 1502 codex,
2268 1433 2720 1503 demonstrant3

427 1539 641 1588 contra
694 1548 832 1587 cum
901 1540 1114 1606 aperte
1168 1533 1286 1590 sint
1346 1532 1734 1602 christianae,
1799 1532 2077 1607 quamuis
2141 1534 2333 1592 multa
2386 1552 2511 1592 non
2564 1535 2723 1591 bene

428 1641 771 1707 congruant
829 1651 967 1690 cum
1026 1634 1373 1708 praeceptis
1435 1633 1740 1708 religionis
1804 1634 2186 1703 christianae,
2254 1644 2399 1692 ante
2465 1637 2724 1693 alterum

426 1742 570 1807 post
601 1732 902 1791 Christum
945 1744 1158 1791 natum
1203 1736 1513 1792 saeculum
1557 1742 1734 1803 ortae
1782 1751 1924 1792 esse
1967 1752 2095 1792 non
2133 1743 2414 1810 possunt.
2460 1735 2543 1793 ad
2573 1734 2723 1792 defi—

427 1834 720 1891 niendam
765 1834 1110 1892 accuratius
1165 1843 1435 1893 aetatem
1481 1843 1728 1911 praeter
1771 1853 2118 1893 sermonem
2163 1867 2245 1875 —
2290 1852 2475 1910 quem
2531 1852 2725 1910 quan-

429 1942 557 1992 tum
589 1933 793 1992 ualere
835 1935 1089 1994 arbitrer
1128 1937 1211 1993 ad
1254 1936 1414 1994 hanc
1460 1939 1886 2011 quaestionem
1930 1936 2315 2010 soluendam,
2360 1944 2585 2011 postea
2621 1954 2726 1993 ex-

429 2053 656 2111 ponam
699 2060 783 2078 ——
830 2037 960 2095 sola
998 2046 1245 2113 praesto
1291 2047 1433 2096 sunt
1478 2039 1704 2096 auxilia
1748 2056 1949 2113 pauca
1991 2038 2089 2095 illa
2131 2055 2449 2113 responsa,
2510 2038 2727 2114 quibus

431 2138 625 2212 agitur
678 2139 760 2219 de
823 2139 1279 2214 magistratibus
1337 2140 1747 2213 similibusque
1814 2139 2185 2209 muneribus3
2255 2148 2463 2196 cetera
2525 2139 2731 2197 omnia

378 2313 386 2316 Δ
430 2240 731 2297 eiusmodi
771 2249 935 2306 sunt,
997 2249 1066 2297 ut
1107 2258 1221 2315 per
1264 2249 1463 2298 totum
1507 2243 1677 2315 quod
1723 2257 1908 2315 supra
1948 2240 2390 2314 circumscripsi
2436 2240 2729 2315 temporis

430 2341 695 2417 spatium
739 2342 1102 2417 responderi
1148 2333 1477 2416 potuerint.
1969 2353 1979 2361 ·

631 2443 714 2501 Et
752 2444 1012 2519 primum
1056 2442 1309 2517 quidem
1352 2442 1612 2500 occurrit
1664 2451 1985 2518 praetor,
2034 2441 2136 2516 qui
2182 2442 2279 2514 31,
2318 2443 2397 2500 10
2425 2449 2489 2499 et
2518 2442 2617 2512 32,
2653 2446 2725 2501 11

434 2547 776 2605 accuratius
843 2547 1029 2603 etiam
1094 2545 1443 2603 nominatur
1506 2552 1753 2620 praetor
1817 2534 2105 2602 urbanus,
2169 2552 2517 2618 praeturam
2583 2562 2729 2601 uero

433 2647 739 2713 urbanam,
795 2666 832 2705 a
887 2646 1299 2707 Constantino
1351 2648 1751 2706 instauratam
1808 2663 1948 2703 esse
2003 2654 2220 2704 notum
2277 2653 2391 2720 est,
2458 2654 2521 2704 et
2564 2645 2730 2722 Sym-

434 2749 635 2807 machi
694 2749 1045 2807 testimonio
1117 2745 1238 2825 (ep.
1293 2751 1435 2825 7,1.
1483 2748 1587 2806 cfr.
1636 2746 1883 2824 Clason,
1939 2747 2228 2807 Heidelb.
2273 2745 2519 2823 Jahrbb.
2569 2750 2730 2807 1872

433 2844 502 2924 p.‘
528 2852 651 2910 574
681 2849 758 2924 S.)
802 2851 960 2908 circa
1006 2869 1234 2909 annum
1265 2852 1390 2910 400
1425 2833 1610 2908 etiam
1651 2849 1959 2907 exstitisse
1989 2856 2368 2922 compertum
2412 2847 2754 2909 habemus-

434 2951 580 3009 nihil
630 2953 810 3027 igitur
853 2971 932 3010 ex
987 2953 1114 3011 eius
1172 2953 1765 3011 commemoratione
1811 2951 2110 3009 lucramur
2122 2965 2137 3018 ;
2199 2967 2342 3032 nam
2385 2948 2533 3006 illud
2578 2967 2732 3024 quo-

434 3071 572 3129 que,
635 3063 701 3112 ut
746 3055 849 3129 qui
898 3065 1248 3130 praeturam
1294 3057 1650 3131 appetebat,
1714 3053 2060 3128 potentium
2114 3052 2447 3109 amicorum
2495 3060 2735 3126 peteret

436 3155 723 3212 auxilium
767 3154 896 3224 (29,
945 3150 1012 3232 6)
1074 3174 1258 3232 quam
1314 3157 1416 3212 diu
1475 3155 1798 3229 petebetur
1841 3161 2143 3228 praetura,
2209 3170 2447 3229 semper
2505 3151 2732 3211 factum

434 3272 573 3311 esse
618 3264 789 3330 puto,
826 3297 829 3300 Δ

642 3355 785 3412 Plus
815 3357 1069 3414 efficitur
1099 3375 1176 3414 ex
1207 3377 1306 3425 6ο,
1353 3360 1526 3433 quod
1570 3358 1859 3416 aediles
1903 3358 2090 3415 etiam
2118 3356 2224 3414 illo
2269 3365 2563 3430 tempore,
2608 3372 2732 3429 quo

445 3463 642 3512 sortes
687 3465 936 3515 nostrae
982 3459 1360 3533 compositae
1405 3469 1563 3529 sunt,
1631 3476 1899 3517 munere.
1929 3458 2355 3534 fungebantur.
2420 3475 2457 3513 a
2504 3456 2732 3514 Seuero

443 3556 799 3614 Alexandro
857 3558 1236 3618 aedilitatem
1281 3579 1318 3616 e
1363 3576 1538 3617 cursu
1596 3559 1898 3617 honorum
1942 3578 2077 3617 esse
2122 3559 2425 3617 sublatam
2471 3564 2733 3615 testatur

440 3657 827 3732 Lampridius
890 3660 1023 3732 (uit.
1072 3660 1238 3718 Alex.
1284 3679 1336 3720 e.
1387 3657 1513 3735 43),
1581 3673 1784 3734 neque
1834 3668 2058 3735 postea
2121 3660 2296 3718 huius
2342 3660 2733 3734 magistratus

438 3758 677 3816 Romae
714 3760 1108 3840 inueniuntur
1152 3762 1413 3836 uestigia
1458 3760 1586 3832 (cfr.
1623 3760 1988 3829 Mommsen,
2035 3761 2212 3818 Rom.
2247 3758 2625 3818 Staatsrecht
2655 3758 2731 3826 11,

443 3864 500 3938 1,
545 3862 715 3928 510).
781 3870 846 3918 at
889 3861 1138 3937 cogitari
1192 3870 1402 3938 potest
1450 3863 1530 3920 de
1577 3861 1875 3919 aedilibus
1944 3861 2317 3919 coloniarum
2373 3860 2736 3934 municipio-

441 3957 713 4041 rumqu‘e,
769 3965 870 4039 qui
914 3966 1304 4039 magistratus
1348 3965 1408 4021 in
1455 3963 1662 4021 Africa
1707 3963 2022 4039 prouincia
2069 3961 2486 4020 Valentiniani
2527 3968 2735 4018 aetate

441 4064 719 4122 nondum
788 4065 1146 4122 aboleuerat
1211 4065 1541 4138 (Ammian.
1604 4065 1791 4123 Marc.
1839 4066 1935 4133 28,
1981 4066 2036 4132 6,
2084 4062 2206 4136 11).
2272 4063 2518 4119 minime
2586 4079 2733 4118 uero

442 4165 757 4239 probabile
812 4176 905 4223 est
950 4167 1031 4223 de
1076 4166 1167 4225 his
1211 4167 1595 4242 potissimum
1657 4166 1952 4224 aedilibus
1997 4165 2117 4238 agi.
2182 4164 2580 4221 obseruamus
2626 4179 2737 4237 per

443 4276 640 4325 totam
685 4269 938 4326 sortium
977 4270 1406 4328 collectionem
1449 4268 1786 4327 sententias
1832 4267 2037 4325 similis
2083 4266 2422 4340 argumenti
2466 4265 2624 4320 inter
2666 4279 2734 4320 se

441 4361 753 4445 excip'ere;
805 4370 1208 4429 subsecuntur
1253 4380 1463 4429 autem
1505 4372 1668 4429 inter
1713 4388 1781 4427 se
1825 4385 2122 4443 responsa
2168 4368 2249 4424 de
2295 4365 2733 4444 decemprimO,

442 4474 666 4551 curiali,
709 4483 1011 4548 praetore,
1058 4476 1270 4544 aedili;
1310 4484 1559 4550 praetor
1602 4483 1697 4532 est
1724 4473 2116 4548 magistratus
2160 4470 2446 4543 urbanuS‚
2491 4466 2731 4529 curialis
