3290 5308
1487 467 1843 520 ...52-

511 639 735 690 mendes
771 638 820 701 7,
858 637 909 691 9.
959 638 1190 689 obserua
1228 639 1362 688 hora
1395 638 1537 689 mala
1566 636 1620 704 8,

517 710 603 763 11.
643 711 906 761 dimittere
931 724 1162 777 persona
1184 708 1379 774 12,11.
1406 725 1501 775 per
1527 708 1621 758 ali-

517 798 620 848 qua
655 798 885 848 persona
921 780 1009 848 29,
1048 780 1097 833 7.
1149 781 1336 832 euadis
1375 797 1623 848 pressura

517 852 605 911 35,
643 852 695 905 5.
731 854 872 903 hunc
911 869 1049 903 annu
1088 851 1140 917 2,
1180 851 1231 905 9.
1275 854 1409 902 uade
1444 853 1498 902 in
1534 869 1620 903 ex·

515 924 795 991 peditione
814 925 865 984 6,
886 922 922 975 4
961 923 1093 991 (cfr.
1116 922 1168 991 8,
1189 923 1265 987 6).
1304 924 1621 973 necessitate

515 1010 707 1059 magna
741 996 853 1060 pati
889 993 977 1051 34,
1018 994 1066 1047 1.
1107 995 1306 1059 grande
1344 995 1620 1047 tumultum

517 1066 777 1131 significat
801 1065 871 1133 (Ρ)
909 1064 994 1133 15,
1034 1067 1083 1119 1.

590 1139 762 1188 modi:
811 1153 929 1187 cum
965 1138 1078 1188 uita
1117 1143 1282 1187 restat
1319 1135 1371 1202 2,
1407 1135 1459 1189 4.
1501 1153 1619 1188 cum

514 1209 626 1259 uita
659 1209 888 1259 habebis
924 1206 976 1273 4,
1015 1208 1065 1260 6.

588 1296 624 1328 n
660 1283 896 1331 inserta:
933 1281 1130 1330 instans
1170 1277 1256 1337 50,
1301 1278 1387 1332 10.

588 1366 804 1401 necesse
854 1359 937 1401 est
984 1367 1028 1403 c.
1064 1351 1188 1418 fut.
1230 1349 1318 1414 18,
1357 1349 1406 1402 1.
1442 1349 1531 1417 29,
1568 1349 1619 1402 2.

519 1438 562 1474 c.
623 1424 735 1473 ind.
780 1431 975 1488 praes.
1032 1421 1120 1489 37,
1171 1421 1255 1474 12.
1320 1424 1627 1473 diiudicari

515 1497 718 1559 nequit,
763 1502 951 1544 utrum
1003 1501 1212 1558 tempus
1260 1497 1343 1544 sit
1371 1494 1493 1561 fut.
1545 1510 1619 1542 an

513 1567 848 1688 andffrges.
875 1563 962 1626 21,
996 1565 1082 1616 11.
1120 1563 1207 1632 23,
1231 1562 1284 1616 4.
1327 1563 1414 1633 24,
1440 1563 1488 1616 5.
1532 1563 1621 1624 26,

557 1673 570 1687 .
684 1676 698 1703 ,
774 1675 786 1688 .

584 1710 810 1771 negatio
847 1710 1081 1772 duplex.-
1134 1704 1253 1756 sine
1286 1707 1444 1757 nullo
1481 1707 1620 1773 peri-

1724 637 1847 688 culo
1880 635 1970 703 48,
1993 637 2044 690 6.
2079 652 2189 687 non
2227 635 2558 687 calumniaris
2591 637 2648 687 in
2672 639 2829 691 nullo

1725 707 1814 772 21,
1796 707 1923 829 οεὲιρ
1954 795 2022 831 u:
2037 780 2238 829 datom
2269 777 2356 839 44,
2396 777 2445 832 2.

1793 867 1829 916 p
1867 855 2068 901 omissa
2110 858 2239 901 ante
2277 862 2325 902 t:
2383 857 2588 901 sumtus
2638 849 2723 918 18,
2759 848 2855 912 85⁴

1724 925 1825 972 sed
1858 922 2153 988 sumptibus
2190 920 2277 986 21,
2315 922 2363 974 6.
2403 921 2489 988 22,
2528 922 2560 975 7
2603 926 2678 973 al.
2765 970 2766 973 ,

1725 1023 1732 1034 1
1789 997 2225 1059 praepositiones
2279 1009 2400 1043 cum
2444 996 2662 1045 casibus
2716 1010 2832 1045 non

1675 1118 1680 1123 ,
1727 1067 1845 1135 δμὼ-
1901 1063 2035 1133 (ςῙν.
2089 1081 2142 1113 m
2189 1063 2436 1130 onu'ssa):
2498 1082 2529 1115 a
2576 1080 2834 1131 personas

1722 1135 2007 1186 inimicales
2036 1135 2119 1203 18,
2154 1135 2203 1188 7.
2234 1164 2291 1173 —
2325 1152 2443 1187 cum
2480 1137 2830 1187 hereditatem

1724 1207 1775 1273 7,
1820 1208 1903 1260 10.
1941 1223 2060 1258 cum
2092 1209 2500 1258 controuersiam
2538 1207 2640 1275 20,
2666 1209 2714 1260 1.
2756 1234 2825 1246 -

1724 1279 1793 1329 de
1832 1280 2112 1329 stationem
2140 1276 2229 1341 44,
2250 1278 2300 1331 6.
2330 1306 2394 1318 -
2421 1296 2485 1330 ex
2521 1294 2708 1331 cursus
2732 1277 2833 1345 34,

1727 1350 1810 1402 12.
1852 1377 1915 1387 --
1967 1350 2021 1400 in
2070 1351 2265 1416 laqueo
2314 1351 2520 1401 incidas
2566 1350 2618 1411 4,
2659 1350 2710 1403 7.
2769 1351 2829 1400 in

1728 1421 1910 1487 aliquo
1947 1423 2142 1471 damno
2177 1422 2411 1472 incurras
2448 1421 2500 1490 5,
2526 1421 2578 1474 8.
2617 1424 2673 1472 iu
2713 1437 2823 1488 quo

1723 1493 2002 1560 suspicaris
2044 1492 2129 1557 13,
2166 1493 2217 1544 6.
2255 1491 2343 1555 42,
2383 1493 2468 1546 10.
2506 1501 2719 1545 constas
2768 1494 2830 1543 in
2873 1552 2874 1555 Ἴ

1724 1565 1948 1630 patriam
1985 1573 2126 1617 tuam
2163 1562 2251 1632 51,
2290 1563 2376 1618 12.

1792 1637 2005 1703 quidem
2023 1639 2209 1701 primo
2248 1639 2359 1686 loco
2385 1638 2628 1700 positum
2652 1634 2741 1700 33,
2769 1633 2818 1686 1.

1795 1724 1820 1757 s
1857 1711 2056 1758 omissa
2096 1715 2229 1774 post
2273 1724 2335 1758 x:
2387 1707 2622 1773 expoliet
2670 1705 2722 1766 7,
2761 1705 2831 1771 1;

1722 1781 1822 1827 sed
1855 1795 2171 1846 exsuperare
2211 1778 2294 1841 19,
2336 1778 2385 1831 9.
2424 1777 2511 1844 23,
2552 1778 2616 1829 11
2656 1780 2730 1830 al.
