3290 5308
1568 531 1922 584 ...12-

796 707 974 781 Quae
1005 709 1056 766 si
1095 717 1264 768 recte
1290 709 1606 783 disputata
1636 716 1797 778 sunt,
1829 708 2260 783 quaestionum
2290 708 2549 766 elencho
2580 716 2886 783 augentur

597 828 690 886 ea,
732 828 891 885 quae
955 811 1038 868 de
1095 817 1230 869 toto
1296 810 1545 868 sortium
1593 808 2087 884 sangallensium
2142 808 2347 866 libello
2403 808 2739 885 deperiisse
2788 811 2896 869 de·

595 911 948 970 monstraui.
992 911 1200 970 nescio
1248 929 1329 969 an
1372 911 1544 986 plura
1588 911 1772 969 etiam
1816 910 2115 969 addenda
2158 908 2298 969 sint.
2343 909 2529 968 ualde
2560 910 2724 967 enim
2748 928 2890 986 pro-

594 1014 792 1072 babile
838 1014 1083 1071 uidetur
1127 1004 1381 1070 similem
1423 1020 1490 1069 ut
1534 1012 1704 1087 apud
1729 1010 2272 1086 Astrampsychum
2302 1010 2399 1068 hic
2422 1027 2671 1086 quoque
2698 1010 2887 1070 fuisse

595 1113 1053 1190 praefationem,
1107 1129 1479 1190 quamquam
1534 1112 1795 1171 fortasse
1839 1112 2039 1170 minus
2081 1113 2490 1188 adrogantem
2536 1130 2613 1171 ac
2659 1113 2889 1172 uanilo-

594 1234 799 1292 quam,
864 1225 928 1275 et
974 1234 1175 1292 paene
1237 1231 1348 1290 pro
1392 1222 1563 1273 certo
1629 1213 2082 1273 adfirmauerim
2152 1213 2328 1271 huius
2390 1231 2642 1290 quoque
2707 1214 2891 1273 libelli

593 1326 909 1376 auctorem
952 1334 1170 1394 preces
1210 1315 1694 1392 praescripsisse,
1740 1331 1902 1393 quae
1946 1324 2143 1373 sortes
2190 1314 2448 1373 adeunti
2491 1324 2555 1373 et
2584 1333 2886 1392 responsa

595 1419 808 1478 edenti
851 1418 1159 1477 dicendae
1205 1425 1429 1478 essent.

794 1520 1046 1580 Praeter
1087 1517 1544 1595 Astrampsychi
1589 1518 1760 1576 locos
1803 1517 2127 1594 parallelos
2157 1518 2220 1575 in
2253 1519 2759 1580 adnotationibus
2788 1521 2886 1581 hic

590 1623 711 1681 illic
754 1623 1102 1682 adscribam
1145 1622 1333 1681 etiam
1376 1620 1713 1680 sententias
1744 1627 1807 1678 et
1836 1620 2125 1678 tormulas
2168 1639 2244 1679 ex
2288 1622 2608 1698 sortilegiis
2654 1624 2887 1683 codicis

591 1724 982 1783 Monacensis
1009 1726 1229 1794 14846,
1254 1739 1514 1798 quorum
1537 1721 1789 1780 alteram
1817 1721 2241 1809 collectionem
2258 1721 2732 1807 Thumeysenus
2764 1724 2891 1783 edi-

594 1827 686 1885 dit
729 1826 791 1883 in
834 1827 988 1886 actis
1032 1827 1208 1885 acad.
1232 1825 1475 1883 Monac.
1523 1824 1594 1885 cl.
1641 1821 1949 1898 phil.·hist.
1999 1823 2161 1883 1885
2204 1841 2265 1899 p.
2290 1825 2378 1898 90
2397 1843 2474 1885 ss‚
2528 1824 2889 1899 „Altirische

597 1928 725 1985 und
758 1926 1073 1986 brittische
1129 1931 1349 1985 worter
1403 1926 1466 1983 in
1519 1925 1688 1983 einer
1731 1924 2299 1999 sortes-sammlung
2354 1926 2469 1983 der
2509 1926 2891 1985 Miinchener

593 2022 987 2105 bibliothek“,
1047 2029 1150 2087 ubi
1203 2044 1365 2104 quae
1416 2028 1497 2085 de
1539 2026 1761 2084 codice
1817 2026 2106 2084 docenda
2169 2034 2314 2083 sunt
2375 2027 2545 2086 dicta
2587 2026 2886 2090 inuenies

593 2126 711 2205 'ego
756 2148 917 2206 quae
945 2129 1270 2206 proferam,
1313 2146 1391 2185 ex
1419 2146 1496 2185 ea
1536 2128 1788 2185 sortium
1812 2126 2170 2185 collectione
2209 2136 2451 2202 sumpta
2495 2136 2657 2203 sunt,
2702 2146 2887 2204 quam

593 2232 1070 2308 Thumeysenus
1134 2239 1202 2290 ut
1255 2250 1292 2290 a
1352 2230 1672 2306 proposito
1726 2245 1839 2287 suo
1901 2228 2159 2287 alienam
2210 2229 2501 2309 neglexit,
2554 2249 2631 2289 ex
2684 2249 2761 2289 ea
2827 2232 2890 2289 in

592 2351 714 2408 qua
745 2332 924 2392 trium
968 2333 1239 2392 alearum
1281 2333 1446 2391 iactu
1477 2333 1558 2390 de
1589 2331 1770 2388 rebus
1814 2329 2029 2388 futuris
2059 2331 2470 2404 quaerebatur
2507 2339 2575 2388 et
2611 2332 2715 2389 uni
2758 2332 2885 2390 cui-

593 2453 710 2510 que
753 2452 1144 2492 numerorum
1187 2432 1629 2491 combinationi
1672 2447 1907 2507 paucae
1954 2439 2142 2505 atque
2187 2439 2390 2489 certae
2420 2432 2887 2507 respondebant

589 2536 949 2595 sententiae.
997 2534 1294 2592 addenda
1315 2534 1473 2591 haec
1503 2550 1642 2591 esse
1672 2531 1886 2608 putaui
1930 2549 2057 2590 non
2099 2540 2168 2590 ut
2185 2550 2413 2590 nouum
2459 2549 2535 2590 ex
2578 2533 2671 2590 his
2698 2533 2879 2610 nugis

589 2636 785 2696 multo
829 2634 1266 2695 recentioribus
1310 2634 1518 2693 lumen
1561 2633 1862 2692 adflueret
1906 2634 2170 2692 sortibus
2207 2632 2722 2711 Sangallensibus,
2772 2637 2888 2695 sed

591 2749 658 2797 ut
702 2740 984 2814 exemplo
1027 2739 1566 2811 demonstraretur,
1610 2734 1926 2812 quomodo
1971 2744 2214 2794 ueteres
2272 2735 2616 2794 sententiae
2659 2735 2888 2795 formu-

590 2842 810 2918 laeque
853 2841 917 2898 in
960 2839 1052 2899 his
1094 2838 1480 2915 potissimum
1524 2839 1706 2896 rebus
1748 2854 1859 2913 per
1902 2836 2148 2895 saecula
2171 2836 2384 2895 multa
2432 2837 2698 2895 traditae
2739 2855 2885 2896 con-

591 2951 999 3018 seruataeque
1043 2950 1272 2999 essent.
