3290 5308
1405 504 1756 556 ..27-

434 683 500 740 II
682 680 799 738 eris
847 679 1024 749 heris,
1071 680 1211 756 quia
1257 680 1477 738 amaris
1524 699 1561 737 a
1605 688 1801 739 matre
1849 688 1971 740 tua.

431 783 532 843 III
689 798 938 840 securus
979 789 1146 856 est03
1191 781 1635 840 manumitteris
1677 790 1744 840 et
1773 776 2047 861 halbebis
2077 782 2307 842 bonum
2348 784 2570 852 fatum;
2619 784 2733 842 sed

769 857 948 941 serua
993 883 1214 941 omnia.

431 986 556 1044 IIII
678 1002 941 1062 persona
982 983 1269 1042 domnica
1313 991 1375 1040 te
1420 983 1691 1050 adleuat‚
1730 985 1743 1059 Ι
1780 984 1893 1042 sed
1940 1001 2067 1041 non
2110 986 2321 1045 modo,
2750 999 2802 1040 20

432 1087 491 1144 V
648 1066 811 1145 'non
855 1087 1064 1144 uinces
1107 1084 1299 1143 modo
1346 1084 1609 1143 crimina.

432 1187 523 1246 VI
679 1188 888 1246 uinces
935 1189 1050 1246 sed
1093 1205 1231 1245 cum
1276 1205 1503 1262 magno
1549 1187 1777 1248 labore.

432 1289 550 1346 VII
684 1289 892 1347 uinces
915 1289 1167 1364 quidem
1190 1288 1378 1360 litem,
1422 1306 1604 1362 quam
1628 1287 1841 1358 habes,
1874 1285 1901 1364 ΙΙ
1931 1289 2046 1347 sed
2070 1290 2411 1366 sumptibus
2444 1289 2732 1366 fatigaris,
2750 1313 2801 1362 p.
2844 1296 2950 1349 205

432 1390 591 1449 VIII
686 1390 898 1448 uinces
943 1391 1362 1449 aduersarium
1413 1391 1596 1466 paulo
1643 1391 1894 1451 tardius·

431 1491 622 1551 VIIII
687 1491 809 1550 noli
854 1510 1067 1550 uerere
1113 1493 1498 1570 calumniam,
1541 1510 1725 1568 quam
1767 1489 2070 1581 pateri[s].

433 1594 490 1652 X
685 1610 713 1651 s
740 1639 917 1655 .....
945 1611 1011 1651 es
1059 1637 1455 1654 ..........
1481 1594 1590 1651 tibi
1629 1597 1637 1672 Ι
1679 1639 2030 1657 .........
2064 1595 2372 1655 l.acturus
2421 1603 2537 1652 est.
2629 1662 2633 1666 ¹
2748 1612 2775 1652 5

431 1696 519 1755 XI
689 1697 901 1757 tarde.
930 1741 944 1756 .
979 1739 993 1754 .
1021 1713 1081 1753 sr
1106 1740 1401 1756 ........
1425 1714 1495 1753 ιιι·
1531 1696 1613 1753 de
1653 1689 1662 1775 Ι
1703 1692 2056 1771 Ιειιεῑοῖἀίει,
2101 1713 2286 1772 quem
2333 1694 2618 1755 consulis,

435 1797 553 1854 XII
677 1814 805 1855 non
848 1814 1076 1872 magno
1120 1805 1399 1871 tempore
1444 1797 1683 1855 uincula
1726 1793 2024 1873 patierils]
2062 1791 2073 1873 Ι
2110 1797 2291 1873 ὴειειε

1429 1902 1736 1982 (XXIII)

440 2017 468 2073 1
690 2061 1076 2078 ..........
1102 2034 1173 2074 us
1219 2017 1335 2074 sed
1380 2015 1596 2075 fraude
1633 2009 1644 2093 Ι
1685 2000 1704 2074 .’
1729 2058 2080 2076 .........
2108 2034 2145 2074 a
2188 2023 2326 2073 esto
2367 2011 2613 2091 t[„ut'lusq
2751 2032 2804 2072 ιο

435 2117 495 2175 II
677 2118 804 2175 noli
850 2117 1167 2176 offendere
1210 2125 1449 2192 patrem
1492 2125 1683 2186 tuum,
1721 2110 1733 2193 Ι
1771 2126 1835 2175 et
1881 2118 2061 2176 heres
2106 2117 2244 2177 eris,
2300 2115 2304 2120 ’

432 2218 517 2276 III
684 2212 868 2276 alium
913 2219 1207 2277 heredem
1252 2217 1400 2277 facit
1440 2227 1633 2277 mater
1677 2227 1803 2284 tua,
1844 2211 1853 2295 Ι
1892 2227 1953 2277 et
1996 2217 2326 2294 litigaueris
2372 2214 2695 2294 [multu'lm.
2749 2234 2799 2276 1⁶

429 2319 542 2377 IIII
606 2338 609 2347 ·
681 2320 832 2396 quid
876 2321 960 2377 ad
1003 2315 1106 2379 te?
1148 2316 1644 2395 matnumitterlis
1690 2311 1967 2399 neces'se
2010 2326 2109 2377 est
2154 2337 2289 2377 cum
2334 2319 2559 2394 legato.

434 2420 493 2477 V
683 2440 819 2480 cum
864 2423 986 2480 sint
1031 2430 1254 2497 accept
1282 2465 1542 2482 .......
1590 2421 1717 2479 anti
1748 2430 1896 2497 aput
1934 2415 1944 2500 Ι
1982 2439 2311 2498 personam
2356 2422 2726 2491 domnicam,

770 2532 834 2580 tu
879 2519 1168 2581 dubitas?
2165 2584 2170 2589 .

432 2624 524 2683 VI
696 2624 925 2684 crimen
967 2624 1191 2705 habes;
1236 2626 1363 2684 noli
1406 2625 1633 2696 timere,
1681 2627 1928 2687 euades,
2746 2639 2801 2679 20

432 2726 551 2785 VII
695 2726 905 2784 uinces
950 2727 1199 2802 quidem
1243 2727 1424 2797 illum,
1471 2745 1655 2803 quem
1702 2728 1811 2803 uis,
1853 2723 1862 2807 Ι
1902 2729 2019 2785 sed
2063 2728 2259 2788 tarde.

438 2827 585 2885 VIII
690 2845 815 2885 non
863 2828 1072 2887 uinces
1117 2829 1308 2887 modo
1352 2830 1535 2905 litem,
1581 2847 1767 2905 quam
1811 2825 2078 2906 habelsl.

433 2928 613 2987 VIIII
692 2929 1014 3008 laborabis,
1060 2931 1177 2989 sed
1220 2948 1346 2988 non
1389 2931 1615 3006 poteris
1659 2926 1979 3006 uincerLeJ.
2011 2926 2039 3006 ΙΙ

432 3031 489 3089 Χ
687 3031 812 3090 noli
855 3032 1097 3101 timere;
1143 3031 1297 3090 deus
1341 3033 1566 3090 auertit
1607 3032 1773 3090 mala
1809 3040 1915 3090 tua
1952 3029 1963 3107 Ι
2000 3039 2065 3089 et
2113 3030 2498 3105 calumniam,
2545 3048 2729 3107 quam
2747 3055 2799 3105 p.
2842 3035 2949 3120 206

485 3205 492 3211 1
766 3134 1011 3210 pateris·

432 3234 522 3292 XI
692 3235 883 3294 modo
926 3254 1057 3293 non
1105 3236 1322 3295 timeas
1370 3236 1772 3305 calumniam;
1813 3228 1822 3312 Ι
1860 3252 2190 3310 exsuperas
2237 3235 2300 3292 in
2344 3233 2618 3293 amicum.

431 3330 552 3395 XII
680 3335 1037 3395 liberabitur
1082 3337 1213 3394 sine
1259 3337 1517 3409 macula,
1561 3339 1643 3395 de
1689 3354 1809 3411 quo
1855 3337 2139 3397 consuliS.
2747 3356 2773 3396 5

431 3499 539 3542 erat
575 3493 661 3552 21,
703 3492 748 3543 1.
791 3519 852 3530 -
896 3492 947 3545 2.
984 3496 1163 3547 heris.-
1199 3497 1374 3563 beses.
1416 3522 1479 3532 —
1531 3492 1608 3546 10.
1651 3495 1717 3544 de
1756 3495 2009 3545 calumnia
2034 3496 2290 3559 agebatur
2316 3496 2417 3545 hac
2454 3497 2730 3556 sententia,

430 3582 519 3633 cfr.
557 3581 645 3640 20,
670 3582 725 3634 8.
763 3580 849 3641 21,
871 3581 905 3631 9
938 3591 1037 3634 etc.
1112 3585 1166 3633 l.
1188 3590 1417 3633 acturus
1454 3581 1659 3632 litterae
1697 3583 1855 3633 ualde
1891 3583 2085 3633 dubiae
2123 3590 2258 3636 sunt.
2287 3612 2349 3621 —
2393 3584 2474 3636 11.
2514 3600 2734 3651 respon-

431 3670 585 3720 detur
618 3670 684 3720 de
721 3670 904 3720 nescio
942 3686 1068 3736 quo,
1111 3672 1199 3736 qui
1243 3671 1555 3720 liberabitur
1606 3671 1672 3721 de
1710 3662 1967 3731 custodia,
2015 3672 2108 3723 cfr.
2145 3671 2233 3730 20,
2258 3669 2307 3724 9.
2349 3671 2435 3731 21,
2465 3672 2544 3723 10.
2581 3672 2730 3722 initio

429 3759 718 3809 sententiae
751 3759 1000 3822 cognosci
1027 3760 1204 3824 putaui
1240 3760 1439 3809 litteras
1480 3762 1639 3809 tarde
1671 3796 1685 3810 .
1711 3798 1724 3811 .
1754 3799 1766 3811 .
1806 3776 1883 3818 sr,
1923 3759 2015 3810 sed
2043 3743 2278 3809 {naxime
2314 3760 2543 3810 incertae
2579 3761 2729 3810 uide·

428 3848 617 3897 bantur
651 3865 680 3896 e
715 3864 805 3911 sr,·
845 3849 919 3897 sic
957 3847 1179 3898 fortasse
1216 3847 1366 3898 locus
1403 3856 1485 3898 est
1522 3849 1906 3900 restituendus:
1945 3851 2105 3898 tarde
2130 3848 2375 3914 squidem
2413 3852 2514 3899 sed
2532 3851 2729 3900 libera-

429 3932 605 4001 bit'iier
642 3937 709 3984 de
745 3936 1061 4003 Lousto'jdia,
1114 3940 1178 3986 de
1222 3953 1328 4003 quo
1365 3941 1626 3997 consulis,
1682 3954 1803 3987 nam
1854 3953 2009 4002 quem
2054 3944 2230 4003 aperte
2283 3945 2588 4004 corruptum
2625 3945 2727 3997 est;

430 4022 522 4072 cfr.
565 4023 652 4082 48,
675 4023 725 4075 8.
763 4051 835 4061 —-
879 4023 959 4076 12.
999 4041 1133 4090 quae
1173 4032 1350 4075 secuta
1389 4026 1494 4076 sint
1529 4035 1655 4093 post
1689 4028 1795 4075 hae
1830 4026 2003 4075 conici
2039 4027 2240 4091 nequit.

638 4112 858 4171 XXIII,
903 4114 946 4164 l.
987 4112 1259 4165 dicebatur
1297 4114 1498 4179 aliquid
1538 4115 1606 4165 de
1643 4120 1914 4180 parentum
1950 4113 2256 4174 hereditate,
2316 4115 2406 4164 cfr.
2445 4113 2533 4173 24,
2572 4115 2620 4167 2.
2660 4144 2732 4154 -

431 4198 479 4248 3.
518 4198 609 4249 cfr.
651 4202 794 4250 Astr.
835 4199 920 4259 70,
947 4201 980 4253 9
1035 4201 1104 4253 οὐ
1160 4202 1604 4269 κληρονομήσεις
1653 4202 1762 4266 τὴν
1810 4200 2040 4267 μητέρα,
2098 4201 2251 4270 ἄλλῳ
2300 4201 2608 4256 ἀπόκειται.
2662 4232 2730 4242 -

428 4287 479 4337 4.
519 4286 583 4336 de
619 4289 1027 4339 manumissione
1064 4290 1370 4356 responderi
1407 4292 1650 4341 nouimus
1686 4306 1749 4340 ex
1787 4289 1873 4355 24,
1912 4289 1960 4341 5.
2002 4289 2086 4349 25,
2131 4291 2226 4356 103
2265 4291 2356 4342 cfr.
2395 4294 2543 4343 Astr.
2583 4290 2671 4351 40,
2696 4292 2730 4344 8

427 4375 857 4445 ἑλευθερωθήσῃ
897 4377 1038 4441 μετὰ
1076 4377 1317 4442 λεγάτου
1356 4380 1548 4432 καλοῦ.
1587 4406 1653 4416 —-
1692 4379 1745 4429 5.
1783 4381 1908 4428 anti
1939 4378 2148 4427 litterae
2186 4394 2342 4444 quam
2377 4380 2598 4431 maxime
2637 4381 2731 4430 du-

427 4465 565 4517 biae.
596 4493 660 4502 -
692 4465 774 4518 10.
813 4470 958 4516 mala
999 4474 1110 4527 tua,
1150 4468 1238 4520 cfr.
1273 4471 1606 4534 promissum
1645 4475 1798 4517 tuum
1839 4466 1923 4526 34,
1945 4468 1993 4519 9.
2038 4493 2101 4503 —
2149 4468 2228 4518 11.
2269 4470 2327 4517 in
2366 4470 2599 4524 amicum
2633 4483 2730 4534 pro

428 4571 487 4604 tn
523 4571 711 4606 amzco.
