3290 5308
1419 458 1769 512 -47-

447 645 540 697 tes
607 645 847 696 nostras
914 636 1279 714 composuit,
1343 636 1623 695 consulto
1692 636 1990 694 imitatum
2055 653 2192 694 esse
2244 654 2440 712 genus
2499 635 2748 696 dicendi

452 747 804 797 sanctorum
847 738 1133 797 librorum
1173 737 1665 810 christianorum3
1713 738 1899 796 immo
1930 738 2076 794 inde
2108 738 2566 799 similitudinem
2613 754 2749 796 esse

451 841 879 917 explicandam
925 846 1198 916 apparet,
1267 840 1437 913 quod
1474 839 1687 897 'similis
1742 840 1821 897 sit
1865 839 2069 914 origo:
2135 848 2331 897 sortes
2377 857 2628 916 quoque
2670 857 2748 895 ex

449 959 674 1016 graeca
717 943 925 1018 lingua
973 942 1038 998 in
1098 940 1349 999 latinam
1393 941 1727 1000 translatae
1773 948 1936 1005 sunt,
2001 948 2063 997 et
2112 958 2253 998 cum
2299 960 2423 999 non
2466 950 2595 999 tam
2638 958 2750 997 no-

449 1041 751 1100 bilissimis
780 1044 923 1100 uiris
952 1060 1137 1119 quam
1168 1042 1516 1100 hominibus
1546 1042 1847 1101 inferioris
1879 1043 2108 1100 ordinis
2140 1043 2489 1101 destinatae
2521 1051 2750 1110 essent,

456 1146 788 1202 translatae
834 1151 978 1203 sunt
1020 1143 1084 1201 in
1127 1161 1470 1202 sermonem
1515 1143 1835 1202 rusticum·
1871 1144 1956 1202 ita
2001 1144 2185 1202 etiam
2232 1143 2516 1203 facillime
2561 1143 2751 1218 expli-

453 1252 642 1314 catur,
688 1245 858 1320 quod
903 1246 1000 1317 20,
1029 1248 1065 1304 9
1097 1224 1486 1303 denariorum
1524 1246 1757 1303 mentio
1806 1244 1889 1318 fit,
1934 1254 2150 1320 aperte
2192 1252 2261 1303 ut
2302 1246 2434 1303 eius
2477 1261 2750 1303 nummo·

451 1363 584 1403 rum
627 1346 891 1421 generiS,
957 1347 1130 1420 quod
1173 1364 1357 1421 quam
1416 1347 1680 1403 maxime
1725 1346 1803 1403 sit
1866 1345 2134 1422 uulgare,
2202 1363 2345 1404 cum
2387 1364 2604 1405 aureos
2649 1365 2750 1404 ex·

452 1456 696 1522 spectes
756 1456 864 1505 aut
907 1449 1252 1506 sestertios:
1325 1448 1560 1505 denarii
1619 1458 1762 1505 sunt
1809 1445 2105 1526 δραχμαί,
2173 1466 2333 1523 quae
2385 1467 2498 1523 per
2554 1458 2750 1506 totam

453 1548 813 1606 orientalem
856 1557 1094 1622 partem
1138 1548 1370 1623 imperii
1415 1565 1657 1625 semper
1700 1547 1943 1607 fuerunt
1983 1549 2216 1608 nummi
2259 1548 2657 1608 usitatissimi.

657 1650 719 1707 Si
776 1665 924 1706 uero
983 1644 1179 1705 recta'
1213 1656 1308 1704 est
1367 1647 1522 1705 haec
1593 1648 1889 1706 sermonis
1950 1650 2294 1727 explicati0‚
2362 1666 2548 1726 quam
2606 1649 2749 1706 nihil

455 1751 663 1808 ualeat
705 1750 803 1808 ille
861 1750 943 1806 ad
988 1748 1402 1808 definiendam
1470 1749 1721 1807 sortium
1785 1758 2057 1809 aetatem
2115 1751 2178 1809 in
2234 1761 2449 1828 aperto
2510 1761 2634 1812 est:
2702 1751 2751 1807 si

457 1869 679 1927 graeca
738 1851 800 1908 in
849 1850 1098 1908 latinam
1155 1850 1419 1924 linguam
1478 1851 1794 1926 uulgarem
1841 1854 2252 1923 uertebantur‚
2319 1869 2562 1928 semper
2617 1851 2753 1910 talis

461 1970 659 2010 sermo
700 1952 992 2009 exsistere
1035 1952 1236 2027 potuit
1278 1951 1376 2009 uel
1419 1958 1563 2026 post
1591 1952 1827 2010 maiora
1870 1953 1970 2011 illa
2013 1971 2202 2028 opera
2234 1954 2333 2011 uel
2362 1955 2495 2029 ipso
2540 1971 2752 2012 eorum

460 2061 736 2129 tempore
780 2053 876 2110 uel
918 2060 1133 2127 antea;
1204 2052 1350 2129 quin
1394 2052 1573 2110 huius
1616 2055 1787 2111 modi
1844 2054 2052 2113 litteris
2092 2056 2435 2130 putandum
2494 2064 2592 2112 est
2633 2055 2753 2130 pri-

456 2172 621 2212 mum
666 2155 850 2212 talem
894 2170 1238 2211 sermonem
1283 2152 1624 2211 adhibitum
1670 2171 1837 2224 esse;
1883 2164 2050 2214 certe
2093 2172 2345 2214 normae
2387 2164 2669 2231 sumptae
2713 2174 2752 2213 a

458 2254 621 2312 libris
688 2254 1001 2312 hominum
1043 2273 1171 2312 non
1239 2254 1683 2312 illitteratorum
1726 2273 1854 2313 non
1918 2257 2226 2332 quadrant
2282 2257 2345 2314 in
2399 2257 2512 2314 has
2567 2256 2753 2314 infimi

452 2356 695 2430 generis
736 2352 1052 2430 γοητείας.

653 2457 1015 2515 Accuratius
1049 2465 1258 2516 autem
1285 2475 1479 2533 genus
1511 2458 1762 2515 dicendi
1792 2457 2074 2534 persequi
2108 2460 2383 2518 conabor
2412 2458 2524 2517 sub
2558 2458 2750 2516 forma

455 2558 674 2621 indicis
722 2558 1046 2616 uerborum
1091 2556 1418 2617 formarum
1463 2568 1901 2618 structurarum
1946 2560 2146 2619 minus
2192 2562 2568 2621 usitatarum.
